2008 3294
134 175 356 231 1583-84]
711 185 862 217 GRACE
893 185 1018 216 BOOK
1048 185 1077 216 Δ
1595 174 1676 216 381

227 290 372 324 vestras
389 287 661 324 testimoniales
680 288 818 334 gradus
835 291 874 324 et
890 287 1184 323 conversationis
1204 299 1270 322 sue
1291 286 1412 332 sigillo
1434 289 1560 322 vestro
1582 298 1679 321 eom-

229 347 334 383 muni
360 346 543 393 sigillatas
601 346 743 382 Eadem
770 347 892 393 gratia
914 346 1130 382 conceditur
1151 345 1280 382 codem
1307 345 1469 381 Roberto
1492 346 1618 381 Crofte
1642 345 1680 380 in

227 405 374 441 artibus
406 405 585 451 magistro
650 407 688 440 3⁰
714 405 843 440 Martii
869 405 927 440 Jo.
955 404 1096 440 Barker
1119 407 1158 440 et
1183 404 1274 439 Tho.
1304 404 1439 439 Hawes
1467 404 1506 439 in
1536 402 1681 438 artibus

228 464 418 510 magistris
478 466 517 499 3⁰
539 463 681 510 Aprilis
704 463 831 499 Cesari
853 463 1049 509 Whalpole
1071 462 1110 498 in
1133 462 1278 498 artibus
1301 463 1479 509 magistro
1543 465 1564 497 8
1590 462 1679 497 Maii

228 522 328 559 Edw.
347 521 484 568 Smyth
501 521 685 568 theologie
702 520 968 557 bacchalaureo
1019 523 1064 557 19
1076 521 1099 556 J
1104 521 1182 556 unii
1198 521 1328 558 Franc.
1343 522 1506 558 Gomaro
1520 519 1680 556 Flandro

229 580 408 626 Brugensi
425 580 464 615 in
481 578 628 615 artibus
645 579 824 625 magistro
873 582 912 615 3⁰
928 579 951 615 J
955 579 1021 615 ulii
1040 579 1140 615 Edw.
1163 579 1262 625 Fagg
1279 579 1316 615 in
1334 579 1481 615 artibus
1502 578 1681 624 magistro

227 644 265 676 et
292 641 336 674 10
359 638 452 674 Julii
479 638 680 674 Laurentio
706 638 833 674 Bonde
858 638 897 674 in
922 637 1069 674 artibus
1095 638 1274 685 magistro
1335 640 1380 676 27
1402 638 1425 674 J
1430 638 1508 674 unii
1529 637 1681 673 domino

232 698 361 733 Isaaco
380 697 537 732 Lawneo
555 697 661 732 Gallo
679 697 718 732 in
735 696 881 732 artibus
897 696 1164 733 bacchalaureo

137 756 364 793 Conceditur
382 758 426 792 10
443 755 584 803 Aprilis
601 756 780 802 magistro
796 755 939 792 doctori
957 755 1076 792 Wood
1093 767 1193 792 nunc
1210 756 1249 791 in
1267 755 1444 791 Walliam
1462 755 1683 791 transmisso

231 827 297 863 per
314 814 665 852 reuerendissimum
684 815 879 851 dominum
897 815 920 851 J
923 815 1110 851 ohannem
1133 815 1467 862 Archiepiscopum
1486 814 1682 850 Cantuari-

231 886 357 911 ensem
373 873 421 910 ad
438 874 665 910 visitandam
684 874 787 910 illam
809 874 1039 921 provinciam
1058 873 1155 910 vnde
1177 885 1251 909 non
1274 876 1333 910 est
1355 885 1572 909 reuersurus
1595 876 1685 908 ante

229 931 382 968 comitia
404 931 574 978 proxima
595 931 724 967 futura
746 934 788 967 vt
810 930 1078 967 determinacio
1100 930 1148 967 ad
1170 942 1285 977 quam
1308 930 1452 967 ratione
1471 930 1608 977 gradus
1625 931 1683 966 sui

230 990 395 1038 suscepti
412 992 564 1027 tenetur
580 989 700 1037 possit
716 988 856 1025 differri
874 989 914 1025 in
931 988 1136 1025 terminum
1157 988 1278 1025 sancti
1304 988 1498 1024 Michaelis
1518 989 1685 1035 proxime

231 1053 450 1096 sequentem
483 1048 554 1085 sub
587 1060 684 1096 pena
710 1048 777 1084 xls
806 1048 887 1084 sine
916 1047 1083 1084 vlteriori
1112 1047 1295 1084 dilacione
1329 1047 1525 1094 (forisfecit
1553 1048 1683 1095 mar-9.)

234 1111 274 1144 11
300 1108 391 1144 Maii
413 1107 632 1145 conceditur
654 1108 834 1155 magistro
856 1107 1000 1143 doctori
1029 1107 1175 1142 Bennet
1201 1107 1267 1154 qui
1293 1106 1439 1142 ratione
1465 1106 1602 1153 gradus
1626 1107 1684 1142 sui

231 1168 393 1215 suscepti
414 1169 567 1204 tenetur
582 1167 630 1204 ad
646 1167 1002 1204 determinacionem
1026 1167 1065 1202 in
1089 1166 1276 1213 theologia
1297 1169 1336 1202 et
1359 1167 1521 1212 negociis
1542 1166 1684 1202 domini

232 1224 450 1262 Cancellarii
476 1224 595 1260 nostri
620 1224 825 1271 impeditus
849 1227 938 1260 aute
962 1224 1116 1259 comitia
1142 1235 1216 1260 non
1241 1225 1361 1271 possit
1385 1224 1514 1260 adesse
1540 1231 1582 1260 vt
1605 1224 1685 1261 eius

230 1283 496 1321 determinacio
529 1283 724 1319 differatur
756 1283 795 1319 in
830 1283 1041 1330 proximum
1072 1294 1216 1319 annum
1242 1287 1333 1319 tunc
1359 1283 1581 1330 perficienda
1605 1284 1686 1319 sine

232 1344 398 1381 vlteriori
428 1343 612 1380 dilacione
644 1342 715 1379 sub
739 1355 836 1390 pena
862 1343 927 1379 xls
953 1343 1112 1390 (peregit
1140 1344 1274 1390 mary.)
1341 1343 1439 1379 Item
1468 1343 1686 1379 conceditur
1702 1338 1728 1376 f.
1758 1338 1869 1376 145a

234 1406 277 1440 12
298 1403 321 1439 J
325 1403 404 1439 unii
432 1407 473 1438 vt
499 1402 766 1439 determinacio
793 1403 963 1449 magistri
985 1402 1148 1438 doctoris
1173 1402 1303 1439 Rudde
1325 1402 1373 1438 ad
1395 1414 1510 1449 quam
1534 1407 1685 1438 tenetur

232 1462 380 1499 racione
389 1460 526 1508 gradus
543 1461 601 1497 sui
615 1461 779 1509 suscepti
793 1461 913 1508 possit
923 1461 1061 1498 differri
1073 1462 1111 1497 in
1125 1473 1267 1497 annum
1282 1461 1493 1508 proximum
1506 1462 1685 1508 quoniam

230 1520 356 1557 subito
375 1522 552 1557 evocatus
572 1523 678 1556 extra
701 1520 930 1556 academiam
954 1532 1020 1567 per
1042 1532 1177 1567 magna
1198 1532 1267 1556 sua
1290 1521 1440 1568 negocia
1463 1533 1536 1557 non
1560 1524 1687 1568 potest

233 1581 272 1616 in
295 1580 459 1627 presenti
482 1591 581 1615 anno
603 1579 759 1616 eandem
783 1581 957 1626 perficere
980 1580 1033 1615 sic
1060 1583 1102 1615 vt
1122 1579 1193 1615 sub
1212 1591 1309 1626 pena
1327 1581 1392 1615 xls
1410 1581 1512 1616 illam
1530 1584 1684 1627 peragat

234 1642 322 1675 ante
342 1639 480 1674 festum
506 1639 618 1674 Pasce
641 1639 852 1686 proximum
873 1639 1046 1674 futurum
1066 1639 1261 1684 (forisfecit
1281 1640 1412 1687 nuzry.)
1479 1639 1577 1675 Item
1599 1652 1684 1676 con-

234 1697 379 1734 ceditur
396 1699 440 1735 27
458 1697 481 1733 J
484 1698 564 1734 unii
583 1701 623 1734 vt
640 1697 907 1740 determinacio
925 1698 1093 1744 magistri
1110 1698 1273 1734 doctoris
1294 1698 1495 1746 Robyuson
1511 1699 1559 1735 ad
1570 1711 1684 1746 quam

234 1759 385 1793 tenetur
401 1756 545 1792 ratione
561 1756 699 1803 gradus
715 1757 773 1792 sui
791 1757 955 1803 suscepti
973 1757 1093 1804 possit
1109 1756 1247 1792 differri
1263 1758 1300 1792 in
1315 1758 1526 1805 proximum
1544 1770 1686 1794 annum

233 1815 323 1863 quia
355 1815 442 1852 sede
473 1815 675 1863 episcopali
706 1816 956 1852 Lincolniensi
986 1816 1059 1852 iam
1091 1820 1248 1852 vacante
1277 1829 1373 1852 onus
1400 1822 1440 1853 et
1468 1829 1558 1853 cura
1587 1818 1687 1853 illius

234 1874 472 1922 episcopatus
496 1875 642 1921 prefato
663 1874 806 1911 doctori
829 1875 1037 1922 imponitur
1102 1875 1162 1911 Ita
1183 1878 1226 1911 vt
1246 1876 1415 1923 proximo
1436 1888 1535 1912 anno
1558 1876 1686 1913 eadem

233 1933 500 1970 determinacio
519 1934 741 1981 pei-finiatur
762 1934 834 1971 sub
855 1947 950 1982 pena
973 1935 1039 1971 xls
1062 1935 1143 1971 sine
1167 1935 1329 1971 vlteriori
1358 1936 1541 1972 dilacione
1568 1937 1686 1983 (foris-

233 1993 323 2029 fecit
339 1993 472 2040 marq.)

140 2051 366 2089 Conceditur
382 2053 405 2088 9
422 2051 514 2087 Maii
563 2052 659 2088 Cum
677 2064 743 2100 per
759 2056 905 2089 statuta
923 2059 1047 2089 vestra
1063 2053 1266 2100 prudenter
1282 2058 1437 2090 cautum
1454 2055 1505 2090 sit
1521 2055 1688 2102 singulos

234 2110 274 2146 in
300 2109 433 2155 viginti
458 2109 588 2145 solidis
612 2109 850 2146 mulctandos
875 2110 940 2157 qui
965 2110 1077 2146 alicui
1102 2111 1232 2157 gratiae
1257 2111 1547 2159 subscripserint
1571 2125 1685 2160 quam

234 2167 425 2204 candidati
448 2170 578 2214 postea
597 2171 703 2215 grato
725 2169 852 2205 animo
875 2181 949 2205 non
974 2170 1252 2216 acceptaverint
1271 2174 1310 2206 et
1330 2171 1484 2217 quidam
1508 2172 1596 2208 huic
1616 2173 1686 2220 legi

235 2227 275 2263 in
291 2226 559 2273 expilacionem
575 2227 684 2263 erarii
702 2227 842 2274 publici
861 2232 900 2264 et
915 2228 1106 2265 academie
1123 2230 1367 2266 manifestum
1385 2231 1604 2268 scandalum
1622 2244 1688 2279 per

234 2285 438 2334 peticiones
453 2286 716 2333 supposititias
732 2287 901 2323 fraudem
919 2288 1039 2324 facere
1057 2288 1267 2324 moliuntur
1284 2292 1325 2324 vt
1342 2288 1456 2325 dictis
1473 2291 1630 2326 statutis
1648 2292 1686 2327 in

233 2357 302 2382 suo
323 2345 454 2381 robore
474 2348 654 2392 perpetuo
678 2347 962 2383 remanentibus
985 2347 1200 2384 huiusmodi
1225 2348 1458 2384 clandestine
1483 2350 1687 2396 peticiones

235 2406 358 2440 vestro
375 2403 550 2450 suffragio
567 2407 606 2440 et
622 2405 849 2442 auctoritate
866 2405 970 2441 irrite
987 2409 1026 2442 et
1048 2418 1116 2452 pro
1136 2406 1250 2442 nullis
1271 2406 1482 2442 habeantur
1501 2411 1540 2443 et
1560 2408 1687 2444 huius-

235 2461 336 2499 modi
353 2462 626 2509 subscriptores
643 2463 690 2499 ad
707 2463 834 2499 debite
851 2464 990 2500 mulcte
1007 2464 1235 2500 solucionem
1253 2465 1511 2511 astringantur

141 2521 366 2559 Conceditur
390 2521 519 2557 eodem
546 2526 588 2557 vt
618 2522 836 2559 Nathaniell
863 2523 1010 2570 Gossop
1034 2523 1085 2558 sit
1110 2522 1250 2559 eisdem
1277 2523 1378 2570 apud
1405 2536 1470 2559 vos
1494 2524 1623 2561 ordine
1648 2531 1687 2562 ct

234 2579 350 2627 gradu
365 2580 503 2627 quibus
519 2583 577 2616 est
594 2581 748 2617 Oxoniis

141 2638 368 2677 Conceditur
392 2641 436 2675 18
459 2639 551 2676 Maii
573 2651 692 2687 quum
717 2641 879 2687 plurima
904 2645 943 2676 et
967 2641 1155 2677 academie
1179 2644 1219 2678 et
1242 2653 1312 2677 sua
1336 2642 1426 2677 foris
1452 2644 1604 2690 negocia
1628 2645 1686 2680 Jo.

235 2697 389 2734 Bacster
407 2696 548 2733 bedello
571 2697 813 2734 incubuerint
836 2701 878 2734 vt
901 2711 1031 2734 vacare
1053 2700 1232 2735 continue
1254 2701 1374 2735 officio
1397 2712 1464 2736 suo
1487 2701 1588 2737 domi
1614 2714 1687 2738 non

235 2751 354 2803 possit
380 2756 479 2803 quod
506 2757 661 2794 minime
690 2769 757 2804 per
782 2757 992 2794 absentiam
1022 2770 1129 2794 suam
1159 2758 1350 2795 desertum
1381 2759 1471 2794 velit
1499 2761 1688 2806 supplicat

235 2815 456 2851 reuerentiis
490 2815 625 2851 vestris
657 2819 700 2851 vt
731 2816 945 2852 Johannem
979 2817 1135 2852 Bacster
1164 2817 1283 2853 filium
1314 2830 1425 2853 suum
1459 2817 1689 2855 substituere

237 2874 358 2923 possit
373 2875 439 2922 qui
457 2875 536 2911 eius
554 2886 692 2912 munus
708 2875 819 2912 obeat
836 2887 953 2924 vsque
973 2875 1021 2912 ad
1041 2876 1180 2913 festum
1204 2876 1327 2913 sancti
1351 2876 1546 2914 Michaelis
1568 2880 1689 2926 proxi-
