2008 3216
353 184 435 224 182
932 193 1082 224 GRACE
1114 194 1238 224 BOOK
1270 195 1299 224 Δ
1678 183 1898 238 [1563-64

350 296 576 332 Conceditur
594 299 655 332 10⁰
671 296 834 342 Augusti
852 297 1141 333 honoratissimo
1164 297 1244 332 viro
1267 296 1409 332 Thome
1429 296 1592 332 Haward
1609 297 1694 333 duci
1713 297 1900 332 Norfolcie

443 368 591 392 summo
617 357 753 402 Anglie
785 357 996 392 mariscallo
1028 356 1292 403 preclarissimi
1325 356 1468 392 ordinis
1501 356 1679 403 gartherii
1712 357 1826 392 militi
1859 359 1902 392 vt

443 419 640 462 cooptetur
671 416 710 451 in
740 416 908 451 ordinem
935 416 1200 462 magistrorum
1231 416 1271 450 in
1300 415 1447 451 artibus
1475 416 1530 451 sic
1557 419 1600 451 vt
1628 427 1703 451 non
1736 418 1903 452 arctetur

443 475 491 510 ad
516 475 682 520 aliquam
703 476 945 510 cerimoniam
968 475 1118 510 solitam
1142 474 1331 510 observari
1355 474 1404 509 ab
1425 474 1693 521 incipientibus
1709 475 1749 510 in
1771 473 1901 510 eadem

443 533 625 568 facultate
657 533 722 568 sed
749 536 903 569 tantum
926 533 1155 568 admittatur
1185 533 1234 569 ad
1262 533 1446 580 placitum
1478 533 1557 569 sive
1590 534 1629 569 in
1662 527 1799 569 scholis
1823 533 1902 569 sive

443 596 551 627 extra
575 596 614 627 et
639 592 703 628 det
726 592 838 628 fidem
860 592 907 627 de
928 591 1161 630 observando
1181 594 1328 628 statuta
1347 592 1541 638 privilegia
1557 594 1596 628 et
1612 591 1901 628 consuetudines

447 651 558 686 huius
583 651 844 686 vniuersitatis
869 650 1097 697 approbatas

632 709 835 744 Admissus
866 709 997 745 eodem
1029 709 1069 743 in
1102 720 1250 744 camera
1280 709 1468 756 presentie
1498 710 1659 756 Refflnee
1691 710 1901 746 maiestatis

537 767 745 814 stipulante
762 768 913 804 domino
925 767 1113 803 Willelmo
1130 767 1283 803 Cecillio
1299 780 1448 804 summo
1463 769 1654 806 academie
1670 770 1900 806 Cancellario

182 879 210 918 f.
235 879 285 919 79
305 894 330 918 a
348 885 491 922 Eadem
508 885 630 932 gratia
646 884 864 921 conceditur
882 885 1012 921 eodem
1035 885 1338 922 honoratissimis
1355 887 1445 923 viris
1467 900 1627 935 quorum
1643 889 1797 924 nomina
1813 887 1902 924 sub-

441 945 659 980 scribuntur
686 947 725 980 et
753 944 928 980 similiter
951 944 1107 981 admissi
1132 949 1172 981 et
1195 947 1235 982 in
1260 946 1390 982 eodem
1423 947 1503 982 loco
1528 944 1705 983 dominus
1736 947 1901 984 Thomas

442 1004 626 1051 Ratclyffe
650 1015 774 1039 comes
798 1003 972 1039 Sussexie
995 1004 1260 1050 preclarissimi
1284 1005 1425 1041 ordinis
1446 1006 1625 1052 gartherii
1648 1007 1755 1042 miles
1777 1007 1900 1043 locum

441 1067 574 1099 tenens
590 1062 742 1099 domine
758 1062 884 1109 regine
901 1063 940 1098 in
959 1062 1142 1099 Hibernia

346 1122 532 1158 Dominus
548 1121 772 1157 Ambrosius
790 1121 938 1168 Dudley
954 1132 1079 1157 comes
1095 1121 1245 1157 Varvici
1263 1122 1431 1158 eiusdem
1447 1122 1590 1159 ordinis
1607 1123 1715 1159 miles
1731 1127 1887 1159 auratus

346 1182 532 1218 Dominus
550 1181 756 1217 Edwardus
772 1180 863 1216 Veir
877 1192 1002 1216 comes
1019 1181 1241 1217 Oxoniensis

346 1241 533 1277 Dominus
565 1240 774 1277 Edwardus
807 1241 959 1276 Maners
991 1253 1115 1277 comes
1153 1241 1358 1277 Rutlandie
1389 1242 1456 1288 qui
1488 1245 1722 1289 protestatus
1757 1246 1816 1278 est
1851 1243 1899 1279 de

440 1300 654 1336 obedientia
681 1302 722 1335 et
753 1299 882 1335 debito
914 1311 983 1336 suo
1016 1300 1055 1335 in
1088 1300 1320 1336 academiam
1354 1301 1603 1337 Oxoniensem
1637 1302 1793 1348 integris
1825 1302 1898 1339 sibi

439 1359 634 1395 servandis

346 1418 531 1454 Dominus
548 1417 736 1453 Robertus
754 1417 903 1463 Dudley
921 1418 1184 1464 preclarissimi
1203 1418 1346 1454 ordinis
1361 1419 1540 1466 gartherii
1558 1419 1666 1455 miles
1682 1422 1838 1456 auratus
1860 1424 1900 1456 et

439 1478 618 1523 magister
633 1488 772 1523 equum
789 1476 941 1512 domine
959 1477 1100 1524 Regine
1116 1490 1289 1514 summus
1310 1479 1535 1515 senescallus
1555 1479 1745 1515 academie
1761 1479 1899 1516 Canta-

439 1535 638 1582 Brigiensis

345 1596 531 1632 Dominus
567 1594 774 1631 Edwardus
807 1594 971 1641 Olynton
1008 1607 1180 1632 summus
1219 1596 1452 1633 Admirallus
1484 1597 1620 1644 Anglie
1653 1601 1693 1633 et
1729 1597 1897 1634 eiusdem

438 1654 580 1691 ordinis
604 1653 713 1689 miles
737 1657 894 1689 auratus

345 1714 530 1749 Dominus
562 1713 620 1749 W.
656 1711 819 1748 Haward
853 1711 1019 1748 eiusdem
1053 1712 1196 1749 ordinis
1227 1716 1267 1749 et
1299 1725 1458 1760 magnus
1484 1714 1721 1753 camerarius,
1737 1714 1898 1762 Reginee

438 1772 649 1808 maiestatis

343 1832 529 1868 Dominus
543 1831 730 1867 Hem-icus
743 1831 870 1867 Oarew
887 1830 1063 1867 dominus
1077 1832 1274 1869 Hunsdem
1286 1832 1454 1869 eiusdem
1467 1833 1609 1869 ordinis
1621 1833 1729 1869 miles
1741 1836 1897 1870 auratus

342 1891 553 1927 willelmus
569 1891 695 1938 Cecyll
718 1890 919 1938 primarius
941 1891 1163 1927 secretarius
1186 1892 1294 1928 miles
1315 1896 1472 1929 auratus
1494 1896 1533 1928 et
1555 1904 1727 1928 summus
1744 1892 1895 1929 Cancel-

436 1950 552 1986 larius
577 1949 766 1986 academie
790 1948 1110 1996 Oantabrigiensis

343 2009 472 2046 Franc.
501 2009 657 2046 Knolles
681 2008 790 2045 miles
814 2012 971 2045 auratus
994 2010 1304 2046 vicecamerarius

341 2069 506 2105 Thomas
532 2067 738 2115 Hennedge
763 2067 924 2114 armiger

340 2128 533 2164 Johannes
557 2127 721 2175 Asheley
747 2127 909 2173 armiger
932 2127 1113 2174 magister
1137 2130 1444 2163 ornamentorum

342 2187 524 2224 Ricardus
543 2187 715 2234 Barthevy¹
732 2187 893 2233 armiger
904 2190 943 2223 et
957 2187 1117 2223 maritus
1132 2187 1279 2224 ducisse
1293 2187 1499 2224 Suthfolcie
1513 2187 1573 2223 hic
1589 2187 1691 2223 solus
1707 2187 1895 2224 admissus

435 2248 474 2283 in
492 2258 589 2283 nova
604 2246 747 2294 capella

340 2306 397 2342 W.
424 2305 548 2342 Cooke
572 2306 735 2351 armiger

341 2364 408 2401 Ed.
437 2364 561 2401 Cooke
585 2363 747 2410 armiger

340 2422 568 2460 Conceditur
584 2422 714 2459 eodem
733 2422 912 2469 magistro
932 2421 1099 2459 Latimer
1118 2421 1258 2459 decano
1283 2421 1580 2469 Petriburgensis
1602 2421 1753 2458 ecclesie
1769 2422 1894 2458 cathe-

433 2481 549 2518 dralis
580 2485 621 2518 et
652 2480 838 2517 sacellano
871 2484 910 2517 et
943 2481 1076 2517 clerico
1109 2481 1261 2517 oratorii
1294 2480 1445 2517 domine
1481 2481 1621 2528 Regino
1650 2484 1691 2518 vt
1723 2481 1893 2518 studium

437 2544 479 2578 12
511 2552 695 2578 annorum
726 2540 764 2576 in
791 2540 977 2587 theologia
1002 2543 1203 2588 postquam
1229 2540 1366 2577 rexerit
1400 2540 1438 2576 in
1463 2539 1611 2577 artibus
1634 2552 1721 2577 cum
1747 2540 1895 2577 duobus

432 2598 668 2636 sermonibus
685 2611 759 2636 vno
779 2603 868 2636 ante
894 2599 1096 2647 Regineam
1122 2600 1357 2636 maiestatem
1375 2602 1414 2636 et
1438 2599 1557 2636 altero
1580 2599 1628 2636 ad
1645 2611 1792 2636 crucem
1815 2599 1893 2636 divi

436 2659 546 2696 Pauli.
558 2659 720 2696 sufficiat
736 2659 768 2695 ei
784 2658 831 2695 ad
850 2659 1104 2707 incipiendum
1120 2659 1158 2695 iu
1176 2670 1281 2695 sacra
1294 2658 1481 2706 theologia
1497 2658 1550 2695 sic
1564 2662 1606 2695 vt
1622 2658 1703 2695 eius
1715 2658 1893 2695 admissio

433 2722 510 2754 sust
526 2717 558 2754 ei
578 2729 644 2765 pro
654 2716 851 2764 completis
867 2716 985 2764 gradu
1001 2720 1040 2753 et
1058 2717 1178 2754 forma
1190 2716 1407 2754 doctoratus
1421 2717 1459 2753 in
1477 2716 1607 2754 eadem
1648 2717 1892 2754 Presentatus

433 2776 562 2813 eodem
582 2788 646 2824 per
662 2776 851 2813 dot-mrem
873 2775 989 2824 Poryo

337 2836 566 2873 Conceditur
582 2835 709 2872 eodem
727 2835 784 2871 ἆυ.
804 2834 921 2871 Jones
939 2839 980 2871 vt
997 2834 1167 2872 studium
1186 2835 1251 2871 viii
1269 2846 1453 2872 annorum
1472 2835 1510 2872 in
1529 2835 1715 2872 medicina
1731 2835 1893 2872 sufficiat

432 2895 464 2931 ci
483 2894 530 2931 ml
550 2894 832 2942 pructicandum
852 2894 889 2931 in
907 2894 1036 2931 cadem
1056 2894 1234 2931 facultate
1251 2895 1304 2931 sio
1322 2898 1362 2931 vt
1383 2894 1464 2931 eius
1481 2895 1642 2932 eruditio
1665 2893 1894 2943 approbetur
