2008 3294
141 176 360 255 1581-82]
722 207 873 239 amon
903 206 1028 238 Boon
1059 206 1089 237 A
1603 195 1687 236 349

139 315 196 351 Ex
221 315 374 362 collegio
402 314 524 361 Magd.
587 313 677 350 Rob.
707 313 838 349 Porter
864 312 942 348 Ric.
973 310 1150 347 Hansard
1174 311 1258 349 Pet.
1291 309 1321 345 F
1322 309 1435 345 rench
1463 309 1519 344 W.
1554 309 1691 356 Parrye

237 374 409 410 Michaeli
437 374 601 420 Puryfoy
626 373 717 408 Tho.
746 373 916 408 Harman

140 433 197 468 Ex
206 433 293 468 aula
307 432 487 468 Katerine
527 431 591 467 W⁰
601 430 721 467 Webb
734 431 863 466 Franc.
878 431 1009 466 Pearte
1024 429 1122 475 Hug.
1139 429 1360 476 Mapletofte
1374 428 1465 464 Tho.
1482 427 1689 474 Dorington

233 491 257 526 J
259 503 291 526 ο.
310 491 525 538 Cholmeley
541 490 745 526 Nehemias
762 489 897 526 Daniel
912 489 937 525 J
939 501 972 525 o.
991 487 1119 524 Bonde

141 550 197 585 Ex
214 550 300 586 aula
316 550 390 585 Tri.
442 549 575 585 Erasm
594 549 686 586 Hun

142 608 198 644 Ex
218 608 369 655 collegio
393 608 520 655 Regali
578 608 601 644 J
605 620 637 645 0.
656 607 758 654 Olyff
775 606 889 643 Caleb
906 607 1050 654 Kempt
1067 606 1160 644 Tho.
1179 606 1318 642 Menke
1336 605 1413 641 Ric.
1432 605 1576 640 Ansam
1599 604 1691 640 Rob.

235 668 402 715 Bunting
435 668 498 703 W⁰
530 667 673 716 Nayler
704 667 762 703 J0.
799 667 962 703 Howson
996 666 1056 702 Fr.
1090 667 1235 713 Sponer
1268 665 1474 702 Nicholaus
1508 665 1693 711 Bestenye

234 726 372 774 quibus
397 727 500 763 nulla
525 727 645 774 petita
668 729 736 762 aut
760 737 936 762 concessa
959 727 1018 762 est
1041 726 1164 772 gratia

141 785 337 832 Supplicat
370 785 505 821 vestris
538 785 759 822 reuerentiis
793 784 944 820 Simeon
979 784 1158 821 Haiecius
1191 785 1354 820 Boemus
1386 788 1428 819 vt
1463 786 1506 819 12
1539 783 1691 819 termini

235 845 410 892 completi
444 846 483 881 in
512 844 651 892 quibus
683 843 862 880 lectiones
890 844 1098 880 ordinarias
1126 844 1274 881 audivit
1302 844 1441 891 partim
1473 844 1691 890 Argentinae

191 920 193 922 ·
234 904 374 951 partim
407 903 542 939 Oxonii
579 903 718 950 partim
753 902 792 938 in
825 902 896 938 hac
928 906 1054 938 vestra
1085 902 1277 939 academia
1308 903 1397 938 licet
1430 914 1505 938 non
1538 902 1692 938 omnino

234 963 439 999 secundum
480 963 639 998 formam
680 962 817 998 statuti
858 973 946 998 cum
986 961 1162 997 omnibus
1202 960 1502 1009 oppositionibus
1541 972 1691 1007 respon-

235 1022 404 1058 sionibus
432 1022 640 1069 ceterisque
667 1021 854 1058 exercitiis
886 1033 953 1068 per
980 1023 1127 1058 statuta
1154 1022 1255 1068 regia
1283 1020 1474 1068 requisitis
1502 1020 1692 1056 sufficiant
1709 1015 1736 1055 f.
1762 1017 1838 1054 135
1859 1017 1885 1054 b

233 1082 268 1117 ei
292 1081 340 1118 ad
364 1081 664 1128 respondendum
688 1081 877 1128 questioni

143 1135 245 1176 Petri
292 1139 488 1187 Supplicat
510 1139 731 1176 reuerentiis
748 1139 884 1175 vestris
907 1139 1129 1175 Edouardus
1146 1140 1273 1176 Cleere
1293 1139 1409 1175 nobili
1432 1140 1537 1174 ortus
1558 1149 1690 1184 genere

234 1202 277 1236 vt
310 1211 444 1235 novem
479 1199 632 1235 termini
666 1199 707 1235 in
744 1198 882 1246 quibus
918 1203 978 1234 etc
1015 1198 1204 1234 sufficiant
1238 1199 1272 1234 ei
1306 1198 1355 1234 ad
1390 1197 1689 1244 respondendum

233 1259 421 1306 questioni

143 1317 268 1354 Pemb.
327 1317 523 1365 Supplicat
551 1317 772 1354 reuerentiis
800 1317 936 1354 vestris
969 1316 1156 1353 Robertus
1189 1317 1320 1353 Hailes
1352 1316 1453 1352 filius
1481 1316 1618 1352 nobilis
1647 1319 1690 1352 vt

235 1376 363 1414 decem
390 1377 545 1413 termini
573 1377 613 1413 in
638 1376 777 1424 quibus
805 1380 865 1413 etc
898 1377 1087 1413 sufficiant
1116 1375 1150 1413 ei
1178 1375 1227 1413 ad
1255 1375 1557 1423 respondendum
1582 1387 1690 1423 ques-

236 1435 331 1472 tioni

141 1494 283 1530 Christi
343 1494 539 1542 Supplicat
565 1494 786 1531 reuerentiis
810 1495 946 1531 vestris
972 1495 1030 1531 J0.
1058 1494 1194 1541 Hollys
1219 1494 1319 1531 filius
1344 1496 1384 1529 et
1410 1494 1516 1530 heres
1540 1493 1691 1530 domine

235 1552 416 1589 Eleonore
432 1553 507 1589 filie
523 1553 666 1589 domini
684 1553 835 1589 Shefeld
852 1556 891 1589 et
909 1553 1125 1589 Elizabethe
1143 1553 1268 1599 Vayer
1284 1552 1358 1588 filie
1381 1552 1531 1588 comitis
1549 1551 1691 1588 Oxonie

233 1614 273 1647 et
290 1615 489 1648 matertere
505 1612 613 1648 ducis
629 1613 818 1649 Norfolcie
835 1615 876 1649 vt
892 1612 1020 1649 decem
1038 1612 1190 1648 termini
1207 1612 1396 1648 sufficiant
1413 1615 1472 1648 etc

772 1684 964 1720 Numerus
989 1686 1060 1720 213

140 1796 367 1833 Conceditur
389 1799 435 1833 26
451 1797 474 1833 J
477 1797 623 1833 anuarii
640 1800 682 1834 vt
699 1797 869 1845 magistri
893 1798 999 1834 Hues
1023 1797 1161 1844 Regino
1178 1802 1216 1833 et
1234 1796 1370 1833 Oowell
1394 1797 1506 1843 Regis
1522 1797 1600 1832 sint
1618 1807 1691 1831 vna

235 1867 321 1892 cum
346 1855 649 1902 procuratoribus
672 1856 946 1892 examinatores
967 1856 1303 1903 questionistarum
1327 1855 1440 1890 huius
1461 1855 1551 1890 anni
1574 1854 1628 1890 sic
1651 1859 1693 1889 vt

235 1926 359 1951 coram
382 1918 517 1951 senatu
539 1915 717 1952 iuditium
740 1923 779 1952 et
803 1916 1029 1952 sententiam
1053 1915 1177 1951 ferant
1199 1915 1238 1950 in
1262 1915 1339 1950 vim
1363 1914 1564 1950 iuramenti
1587 1914 1693 1961 prius

235 1974 472 2011 vniuersitati
497 1974 646 2022 prestiti

142 2033 255 2073 Mem.
279 2033 380 2080 quod
407 2035 469 2071 27⁰
492 2033 553 2070 die
579 2034 720 2070 mensis
744 2034 938 2070 Februarii
964 2046 1063 2070 anno
1088 2033 1257 2081 predicto
1281 2044 1406 2069 coram
1431 2032 1584 2068 domino
1609 2044 1691 2079 pro·

234 2091 454 2127 cancellario
481 2091 684 2138 allegatum
713 2094 752 2127 et
780 2091 983 2139 probatum
1011 2092 1087 2128 fuit
1117 2090 1322 2127 Ricardum
1352 2091 1536 2126 Bateman
1564 2093 1603 2125 et
1631 2089 1654 2125 J
1658 2102 1690 2125 o.

235 2150 372 2186 Seman
409 2150 596 2188 scholares
629 2151 772 2198 collegii
815 2151 1004 2198 Reginalis
1041 2151 1080 2187 in
1118 2150 1358 2197 Oantebrigia
1393 2162 1470 2186 non
1506 2149 1692 2196 completo

234 2208 482 2255 quadriennio
518 2212 558 2245 et
593 2209 709 2245 etiam
751 2209 964 2246 inconsulto
1005 2210 1186 2257 magistro
1226 2209 1305 2245 sive
1345 2208 1558 2256 presidente
1597 2207 1690 2244 dicti

234 2267 375 2313 collegii
408 2267 455 2304 de
487 2279 671 2304 consensu
705 2268 858 2304 maioris
890 2268 1012 2315 partis
1043 2269 1229 2305 sociorum
1261 2271 1354 2304 tunc
1386 2267 1616 2315 presentium
1650 2267 1690 2302 in

235 2330 370 2362 senatu
405 2326 644 2373 Cantebrigie
679 2326 868 2363 academie
905 2327 1067 2374 gratiam
1103 2327 1183 2363 sive
1219 2327 1443 2375 peticionem
1480 2338 1567 2362 cum
1604 2325 1690 2362 sub·

235 2384 438 2431 scriptione
466 2384 489 2420 J
492 2397 523 2420 o.
552 2385 691 2433 Smyth
718 2385 758 2421 in
786 2385 934 2422 artibus
963 2386 1134 2432 magistri
1163 2388 1203 2422 et
1231 2385 1323 2422 socii
1351 2384 1518 2421 eiusdem
1547 2384 1690 2431 collegii

234 2443 473 2489 proposuisse
504 2443 551 2479 ad
585 2443 889 2491 consequendum
922 2443 1079 2490 gradum
1112 2443 1444 2480 bacchalaureatus
1476 2443 1517 2479 in
1545 2443 1691 2479 artibus

234 2501 286 2537 Et
309 2501 439 2537 eadem
463 2502 584 2548 gratia
609 2514 784 2538 concessa
808 2502 958 2539 eosdem
983 2502 1167 2538 admissos
1189 2502 1237 2538 ad
1260 2502 1560 2549 respondendum
1582 2514 1691 2548 ques-

234 2560 330 2596 tioni
352 2565 483 2597 contra
504 2562 662 2598 formam
686 2565 917 2599 statutorum
938 2563 978 2598 in
1001 2575 1045 2599 ea
1064 2565 1172 2610 parte
1191 2563 1378 2599 editorum
1399 2562 1497 2599 vnde
1515 2562 1691 2599 dominus

234 2631 278 2654 ex
305 2619 424 2655 officio
452 2621 656 2667 procedens
685 2625 816 2657 contra
842 2633 905 2657 eos
931 2621 978 2657 de
1004 2633 1188 2657 consensu
1216 2622 1477 2658 assistentium
1505 2621 1690 2669 prefatam

233 2677 458 2724 peticionem
480 2679 628 2715 irritam
651 2680 914 2726 pronuntiavit
940 2682 979 2716 et
1000 2691 1158 2716 vacuam
1184 2680 1424 2727 prefatosque
1448 2680 1632 2715 Bateman
1652 2682 1692 2715 et

235 2735 372 2772 Seman
399 2736 564 2773 decrevit
589 2749 665 2773 non
691 2737 932 2774 obstantibus
959 2739 1153 2787 premissis
1178 2739 1225 2775 de
1253 2739 1372 2786 gradu
1397 2738 1627 2786 dejiciendos
1651 2742 1692 2775 et

234 2795 422 2842 prefatum
452 2795 475 2831 J
480 2808 511 2834 0.
543 2797 680 2844 Smyth
713 2798 976 2845 pronuntiavit
1008 2798 1186 2835 incidisse
1218 2799 1258 2835 in
1291 2811 1428 2846 penam
1460 2799 1598 2834 statuti
1629 2798 1692 2834 de-

235 2854 367 2900 scripti
395 2858 437 2890 21
466 2867 546 2902 cap.
574 2859 614 2891 et
642 2857 680 2892 in
709 2856 840 2893 eadem
869 2857 1135 2894 condemnavit
1163 2858 1324 2894 eundem
1352 2862 1627 2905 protestantem
1653 2862 1690 2894 et

235 2911 458 2960 allegantem
481 2925 522 2951 se
547 2914 814 2963 subscripsisse
837 2916 928 2962 quia
954 2916 1256 2964 viceprocurator
1281 2917 1443 2954 asseruit
1469 2917 1692 2964 magistrum
