2008 3216
320 178 405 218 118
901 178 1052 211 emes
1082 177 1207 210 BooK
1239 178 1268 208 Δ
1647 159 1866 219 [1556-57

947 447 1002 488 In
1033 445 1250 488 medicina

325 542 425 578 Item
447 540 665 577 conceditur
681 539 866 575 Willelmo
890 537 1140 585 Kenyngham
1161 537 1237 573 iam
1256 536 1494 572 examinatus
1509 538 1549 571 et
1565 533 1794 582 approbatus
1810 545 1878 580 per

417 601 589 637 doctores
615 599 770 635 Walker
800 602 839 634 et
872 597 1042 634 Hatcher
1069 600 1112 633 vt
1143 596 1314 633 studium
1345 597 1366 633 7
1394 607 1580 631 annorum
1611 594 1652 630 in
1680 593 1877 630 medicinis

419 658 581 695 sufficiet
605 658 639 693 ei
663 657 711 694 ad
736 657 957 692 intrandum
981 656 1021 691 in
1045 655 1176 691 eadem
1200 654 1380 690 facultate

941 852 996 895 In
1019 852 1121 909 jure
1151 852 1270 894 ciuili

331 947 432 984 Item
454 946 673 983 conceditur
695 944 860 981 Roberto
882 943 1027 980 Furthe
1043 946 1086 979 vt
1107 943 1279 979 studium
1297 945 1318 978 5
1336 953 1521 978 annorum
1538 941 1578 977 in
1595 941 1676 978 iure
1692 941 1796 977 ciuili
1811 940 1883 976 hac

426 1007 467 1042 in
483 1006 730 1042 vniuersitate
745 1004 907 1040 sufficiat
923 1003 958 1039 ei
974 1003 1022 1039 ed
1039 1002 1259 1039 intrandum
1276 1002 1316 1038 in
1332 1001 1463 1037 eodem
1479 1001 1560 1037 iure

333 1066 433 1102 Item
455 1064 673 1101 conceditur
694 1063 847 1099 domino
871 1062 995 1098 Baker
1018 1061 1079 1098 hic
1103 1061 1205 1109 apud
1224 1073 1291 1097 vos
1312 1060 1580 1097 bacchalaureo
1602 1060 1706 1096 tertii
1730 1059 1821 1095 anni
1843 1061 1886 1094 vt

427 1124 599 1160 studium
623 1125 643 1161 7
660 1133 847 1159 annorum
869 1121 909 1157 in
932 1119 1079 1157 artibus
1100 1125 1140 1157 et
1163 1121 1244 1157 iure
1266 1120 1369 1157 ciuili
1386 1131 1461 1156 vna
1482 1131 1569 1156 cum
1589 1118 1764 1155 omnibus
1780 1118 1888 1154 iuxta

427 1184 588 1219 formem
604 1181 743 1218 statuti
759 1179 980 1228 peragendis
996 1179 1186 1216 sufficiant
1201 1179 1236 1215 ei
1253 1179 1301 1215 ad
1317 1179 1539 1215 intrandum
1555 1178 1595 1214 in
1612 1177 1743 1214 eodem
1759 1178 1840 1213 iure

335 1243 436 1279 Item
453 1242 671 1279 conceditur
694 1241 848 1277 Matheo
868 1240 994 1287 Seyyn
1011 1243 1054 1276 vt
1071 1239 1240 1276 studium
1259 1241 1279 1277 7
1297 1250 1482 1275 annorum
1499 1237 1539 1273 in
1551 1237 1637 1284 jure
1652 1236 1756 1273 ciuili
1772 1236 1834 1272 hic
1849 1238 1889 1272 et

430 1301 585 1338 Oxoniis
601 1300 764 1337 sufficiat
780 1300 814 1336 ei
831 1299 880 1335 ad
897 1297 1118 1334 intrandum
1135 1299 1175 1334 in
1191 1297 1322 1334 eodem
1338 1297 1420 1333 iure

337 1362 438 1398 Item
460 1360 678 1396 conceditur
701 1358 865 1395 Roberto
888 1358 1045 1404 Morgon
1062 1360 1105 1392 vt
1121 1355 1291 1393 studium
1309 1358 1330 1393 7
1347 1366 1532 1391 annorum
1548 1354 1588 1390 in
1605 1355 1686 1390 iure
1701 1353 1804 1390 ciuili
1820 1353 1891 1390 hac

431 1419 471 1455 in
494 1419 743 1455 vniuersitate
764 1419 804 1453 et
825 1417 943 1453 trium
967 1415 1123 1452 Oxoniis
1145 1427 1232 1451 cum
1254 1415 1420 1462 practica
1441 1413 1580 1450 forensi
1604 1413 1624 1450 7
1641 1423 1825 1449 annorum
1851 1412 1891 1448 in

432 1477 563 1515 eadem
580 1477 762 1514 facultate
778 1476 940 1513 sufficiat
956 1476 990 1512 ei
1007 1475 1056 1511 ed
1072 1474 1291 1511 intrandum
1309 1475 1349 1511 in
1365 1473 1495 1511 eodem
1512 1474 1592 1510 iure

910 1686 964 1729 In
995 1685 1091 1729 iure
1122 1685 1329 1728 canonico

343 1780 443 1817 Item
467 1778 686 1816 conceditur
707 1778 896 1815 Willelmo
921 1777 1080 1825 Smythe
1105 1777 1205 1813 socio
1229 1776 1314 1812 aule
1339 1775 1539 1812 Trinitatis
1563 1778 1603 1811 et
1627 1773 1834 1822 presbitero
1856 1775 1899 1810 vt

437 1838 608 1875 studium
625 1850 648 1874 x
664 1849 850 1875 annorum
868 1837 907 1873 in
925 1837 1005 1873 iure
1022 1836 1200 1873 canonico
1217 1838 1256 1872 et
1273 1835 1375 1871 ciuili
1392 1834 1554 1871 sufficiat
1566 1833 1661 1870 eiad
1679 1832 1898 1869 intrandum

439 1899 479 1935 in
495 1898 626 1935 eodem
643 1898 724 1935 iure
739 1896 918 1933 canonico

887 2094 1088 2152 Magistri
1118 2094 1166 2137 in
1196 2093 1366 2137 artibus

353 2189 399 2226 In
422 2188 555 2237 primis
577 2186 796 2224 conceditur
816 2186 969 2223 domino
994 2185 1150 2233 Igulden
1168 2188 1210 2222 vt
1230 2188 1253 2223 9
1269 2185 1422 2222 termini
1445 2187 1648 2232 postquam
1670 2182 1905 2231 responderit

446 2247 637 2295 questioni
669 2246 708 2283 in
737 2245 876 2294 quibus
909 2245 1088 2282 lectiones
1116 2244 1325 2281 ordinarias
1353 2243 1503 2280 audiuit
1530 2242 1619 2279 licet
1647 2254 1723 2279 non
1752 2242 1905 2279 omnino

446 2306 654 2344 secundum
676 2306 837 2342 formem
861 2305 997 2342 statuti
1020 2316 1107 2342 cum
1130 2304 1254 2342 tribus
1275 2302 1580 2352 responsionibus
1602 2303 1790 2339 sufficiant
1806 2301 1905 2339 eiad

448 2363 704 2412 incipiendum
723 2363 762 2399 in
778 2362 927 2400 artibus

357 2425 454 2462 Item
479 2423 698 2461 conceditur
721 2422 874 2460 domino
900 2422 1098 2471 Fyrbenke
1120 2427 1162 2459 vt
1184 2424 1207 2459 9
1227 2421 1379 2459 termini
1402 2425 1488 2469 post
1510 2420 1661 2458 finalem
1684 2420 1765 2457 eius
1786 2418 1907 2456 deter-

450 2482 697 2519 minationem
720 2481 759 2518 in
782 2481 921 2529 quibus
943 2481 1122 2518 lectiones
1143 2480 1351 2517 ordinaries
1372 2479 1522 2517 audiuit
1543 2479 1631 2516 licet
1656 2491 1730 2515 non
1755 2478 1909 2515 omnino

449 2541 656 2579 secundum
681 2541 839 2579 sormam
862 2541 1000 2578 statuti
1022 2553 1108 2578 cum
1132 2540 1255 2578 tribus
1277 2539 1582 2589 responsionibus
1601 2539 1791 2576 sufficiant
1806 2538 1840 2575 ei
1860 2537 1908 2575 ad

451 2600 707 2649 incipiendum
725 2601 762 2638 in
781 2600 929 2637 artibus

359 2659 499 2698 Eadem
518 2659 639 2707 gratia
654 2658 700 2696 de
718 2658 830 2695 verbo
847 2658 886 2695 in
905 2658 1059 2695 verbum
1076 2658 1293 2695 conceditur
1309 2657 1472 2695 dominis
1489 2656 1625 2694 Bolton
1642 2659 1681 2694 et
1699 2655 1837 2704 Ryslye

361 2720 459 2757 Item
482 2718 701 2755 conceditur
721 2717 874 2755 domino
902 2717 1014 2755 Ithell
1039 2721 1080 2755 vt
1102 2720 1126 2755 9
1149 2717 1300 2755 termini
1325 2723 1524 2765 postquam
1548 2714 1781 2764 responderit
1803 2725 1911 2763 ques-

453 2778 546 2814 tioni
566 2778 602 2814 in
617 2776 756 2825 quibus
773 2777 951 2814 lectiones
966 2776 1174 2813 ordinarias
1186 2775 1335 2813 audiuit
1351 2775 1438 2813 licet
1452 2787 1526 2812 non
1539 2774 1693 2811 omnino
1705 2773 1911 2811 secundum

455 2837 611 2873 rounam
629 2836 764 2873 statuti
783 2848 868 2873 cuin
886 2835 1009 2873 tribus
1026 2833 1331 2883 responsionibus
1343 2834 1532 2871 sufficiant
1545 2834 1577 2870 ei
1591 2833 1639 2870 ud
1657 2832 1912 2881 incipiendum

456 2894 494 2931 in
511 2893 658 2931 artibus
