2008 3216
173 118 393 207 1567-l38]
754 139 908 193 αΒΑοΕ
938 157 1063 193 BOOK
1093 158 1124 193 Δ
1486 209 1497 216 ἠ
1630 149 1713 193 217

171 264 398 301 Conceditur
426 265 448 299 9
476 262 500 299 J
503 263 570 298 ulii
599 266 641 299 vt
669 263 766 299 alter
793 275 916 299 sermo
943 263 991 299 ad
1020 264 1158 299 clerum
1190 266 1365 310 peractus
1393 275 1460 310 per
1491 264 1714 310 magistrum

265 322 534 368 Carterwright
551 325 628 358 stet
644 322 678 358 ei
694 334 764 369 pro
780 322 1016 369 oppositione
1033 323 1072 358 in
1090 322 1280 369 theologia
1296 322 1344 358 ad
1361 334 1476 369 quam
1493 325 1645 358 tenetur

171 381 398 418 Conceditur
425 383 448 417 9
477 380 620 428 Aprilis
648 383 691 417 vt
717 381 975 429 oppositiones
1003 381 1051 418 ad
1077 393 1173 428 quas
1198 384 1351 417 tenetur
1379 382 1557 428 magister
1584 381 1715 417 doctor

264 439 427 486 Spencer
442 439 588 474 ratione
607 438 744 485 gradus
764 440 823 475 sui
846 440 994 486 possint
1014 440 1155 475 mutari
1176 439 1216 475 in
1235 451 1300 475 sex
1320 451 1510 475 sermones
1529 439 1577 475 ad
1597 451 1713 486 popu·

262 498 342 534 lum
361 509 522 545 quorum
545 510 642 534 vnus
664 498 716 534 sit
738 498 837 534 infra
858 510 1001 534 annum
1024 498 1064 534 in
1087 498 1276 534 academie
1301 498 1442 545 templo
1465 499 1497 534 si
1520 499 1714 534 commode

264 556 341 592 fleri
358 556 480 603 possit
673 591 678 595 ,

169 614 394 651 Conceditur
419 617 442 650 9
467 614 561 650 Julii
591 618 631 650 vt
659 614 837 650 dominus
865 615 1178 662 procancellarius
1207 615 1378 662 magistri
1407 615 1647 662 collegiorum
1676 620 1714 651 et
1733 616 1760 654 f.
1785 617 1834 654 95
1855 631 1880 655 a

262 685 391 709 omnes
413 672 584 709 doctores
609 673 792 720 theologie
814 676 853 710 et
877 677 1138 721 procuratores
1163 674 1328 709 habeant
1350 675 1615 710 auctoritatem
1639 675 1712 710 ‹lis-

261 732 424 779 ponendi
447 734 486 767 et
508 733 763 768 constituendi
784 733 951 769 ordinem
975 736 1014 769 et
1036 736 1188 780 tempus
1211 733 1484 780 disputationis
1507 733 1714 780 theologice

261 792 302 828 in
317 792 488 828 futurum
501 792 556 827 sic
569 794 611 827 vt
628 791 666 827 id
683 795 810 828 ratum
827 793 879 828 sit
895 792 996 839 quod
1014 792 1134 828 maior
1150 804 1238 839 pars
1254 804 1383 828 eorum
1400 792 1607 829 decreverit
1624 796 1714 828 ante

262 851 402 887 festum
420 850 583 886 Dionisii
599 850 814 898 proximum
831 853 870 886 et
886 862 955 898 pro
972 853 1119 887 statuto
1136 850 1321 887 habeatur
