2008 3294
128 177 348 234 1584-85]
711 186 862 219 omen
893 186 1017 218 BOOK
1049 187 1079 218 Δ
1587 172 1673 216 393

219 292 391 328 morbum
423 304 536 339 quem
562 304 607 328 ex
634 292 866 339 negotiorum
895 290 1140 327 multitudine
1169 291 1407 325 contraxerat
1435 288 1565 324 adesse
1600 300 1673 323 non

217 351 342 397 potuit
359 351 515 397 ideoque
532 351 732 387 creationis
748 362 815 386 sue
831 349 1053 386 beneficium
1071 360 1114 384 eo
1131 351 1300 395 tempore
1319 358 1393 382 non
1411 346 1579 382 obtinuit
1599 346 1673 381 iam

218 410 453 446 concessione
470 413 594 445 vestra
610 408 789 445 benevola
806 408 923 444 intret
945 410 985 444 et
1007 419 1051 443 ea
1073 406 1186 443 simul
1208 405 1369 452 accipiat
1392 417 1465 451 que
1487 405 1676 440 creatione

220 469 415 515 perficiant

127 527 354 564 Conceditur
371 529 391 565 7
409 527 433 563 J
438 527 503 563 ulii
527 529 569 563 vt
590 526 769 574 magister
791 526 921 563 Barth.
945 524 1242 572 Ohamberleyne
1265 523 1488 560 Oxonieusis
1507 523 1547 559 in
1572 522 1675 559 theo·
1694 519 1723 559 f.
1749 520 1824 557 148
1843 531 1868 556 a

221 587 317 634 logia
333 587 463 623 doctor
480 590 522 623 vt
538 587 590 623 sit
611 586 672 622 hic
693 585 795 633 apud
817 598 884 622 vos
907 585 1040 622 iisdem
1063 583 1193 621 ordine
1216 595 1315 620 anno
1337 586 1377 620 et
1398 583 1516 630 gradu
1538 581 1677 630 quibus

222 646 299 682 iam
315 649 373 682 est
390 646 430 682 in
446 645 636 682 academia
654 645 856 682 Oxoniensi

127 705 270 742 Eadem
294 705 414 753 gratia
439 704 657 741 conceditur
679 704 810 740 codem
835 703 1020 740 Edwardo
1045 701 1263 740 Gellibrand
1286 701 1488 738 oxoniensi
1512 702 1551 737 in
1574 701 1674 738 theo·

222 765 319 812 logia
342 763 610 800 bacchalaureo

129 823 270 860 Eadem
286 824 409 870 gratia
432 822 650 859 conceditur
666 822 855 859 Willelmo
874 821 954 857 Hill
970 820 1027 857 J0.
1048 820 1186 868 Eveley
1205 819 1387 856 Nicholao
1411 820 1554 856 Mercer
1576 819 1676 856 Edw.

224 882 421 918 Wickham
450 882 619 918 Antonio
649 880 889 917 Morebreade
914 880 1079 916 Mat-tino
1105 878 1229 916 Reade
1252 882 1292 915 et
1316 879 1502 916 Willelmo
1527 879 1679 926 Tucney

224 940 497 977 Oxoniensibus
513 940 652 976 artium
670 940 861 986 magistris
877 942 917 976 et
933 938 1121 975 Willelmo
1137 937 1298 974 Woodes
1315 937 1516 974 Oxonienei
1539 938 1577 973 in
1595 937 1680 984 jure

225 999 492 1036 bacchalaureo
508 1004 551 1035 vt
570 1000 648 1035 sint
667 999 768 1046 apud
791 1010 858 1035 vos
880 999 920 1034 in
942 997 1082 1034 eisdem
1105 1000 1209 1033 statu
1233 1008 1332 1032 anno
1354 996 1484 1032 ordine
1503 999 1542 1032 ‹t
1563 996 1681 1043 gradu

228 1058 367 1106 quibus
383 1060 474 1094 sunt
494 1057 533 1094 in
553 1057 745 1094 academia
765 1057 967 1094 Oxoniensi
1017 1055 1148 1092 Ambr.
1167 1055 1305 1103 Smyth
1323 1055 1524 1091 Oxonienei
1540 1055 1680 1090 artium

223 1117 490 1154 bacchalaureo
505 1120 545 1154 et
561 1115 790 1153 Archibaldo
807 1115 901 1153 Osat
918 1116 1030 1152 Scoto
1046 1115 1093 1152 de
1109 1114 1302 1151 academia
1322 1115 1443 1150 sancti
1468 1113 1618 1150 Andree
1643 1115 1681 1150 in

224 1175 369 1212 artibus
386 1176 565 1222 magistro
583 1178 624 1212 vt
639 1175 691 1211 sit
707 1175 746 1211 in
763 1174 903 1211 eisdem
920 1178 1026 1211 statu
1041 1185 1141 1210 anno
1157 1173 1287 1210 ordine
1303 1177 1343 1210 et
1358 1172 1477 1220 gradu
1499 1172 1559 1209 hic
1581 1172 1681 1220 apud

224 1247 290 1271 vos
306 1235 445 1282 quibus
460 1237 520 1271 eet
536 1235 576 1271 in
592 1234 784 1271 academia
800 1234 922 1270 sancti
940 1233 1090 1270 Andree
