2008 3216
134 181 354 237 1565-66]
717 191 868 224 emon:
898 192 1023 224 Boox
1053 192 1083 223 Δ
1598 182 1681 224 195

134 294 275 340 Quinto
298 295 442 343 Aprilis
466 296 596 332 eadem
620 297 742 343 gratia
766 295 984 332 conceditur
1008 294 1043 331 d.
1066 294 1158 331 Rob.
1183 294 1306 331 Rodes
1326 293 1362 330 d.
1383 294 1441 330 Jo.
1466 294 1622 330 Lawson
1643 293 1679 330 d.

231 354 339 392 Leon.
358 354 482 391 Cooke
498 355 533 392 d.
553 355 616 392 W⁰
634 355 766 391 Butler
784 354 820 391 d.
839 355 897 392 J0.
916 354 1059 391 Gravet
1077 353 1113 390 d.
1137 353 1195 390 J0.
1221 354 1326 400 Daye
1349 353 1386 389 d.
1412 353 1502 389 Lan.
1525 353 1680 389 Browne

229 412 264 448 d.
286 412 377 449 Rob.
397 413 557 449 Hudson
630 416 668 449 3⁰
693 413 786 449 Maii
810 413 846 450 d.
873 413 951 449 Ric.
970 411 1177 449 Chambers
1200 412 1235 448 d.
1259 412 1317 448 Jo.
1343 412 1502 447 Hanson
1525 411 1560 448 d.
1588 411 1680 447 Rad.

229 470 495 518 Waddyngton
517 471 552 508 d.
568 471 655 508 Βία.
681 472 797 518 Paget
816 471 851 507 d.
877 470 982 518 Egid.
1006 469 1157 518 Ayleph
1176 469 1212 506 d.
1237 469 1306 507 Ed.
1331 469 1537 517 Doddynge
1559 470 1594 506 d.
1619 470 1684 506 W⁰

229 529 332 576 Lyffe
360 530 395 566 d.
421 530 479 566 Jo.
507 530 739 578 Brownynge
767 530 804 567 d.
834 530 924 566 Tho.
957 530 1048 566 Best
1076 529 1111 565 d.
1145 529 1236 565 Rod.
1264 529 1500 576 Wylkynson
1526 529 1561 565 d.
1589 529 1679 565 Tho.

229 588 371 626 Crooke
388 589 423 627 d.
441 590 505 626 W⁰
525 589 694 626 Redman
715 589 749 626 d.
775 590 838 626 W⁰
858 589 1026 626 Fax-rand
1045 588 1080 626 d.
1106 588 1175 625 Ed.
1203 588 1396 635 Stanhope
1415 588 1450 624 d.
1473 588 1576 625 Jaco.
1597 588 1682 635 Byll

228 648 263 685 d.
288 649 378 685 Tho.
403 649 562 696 Wylkys
586 649 621 687 d.
647 649 749 686 Jaco.
774 649 874 697 Caye
941 652 985 685 10
1009 648 1032 684 J
1036 648 1115 684 unii
1135 648 1170 685 d.
1197 647 1290 684 Gab.
1318 648 1468 684 Ducket
1489 647 1525 684 d.
1550 647 1679 684 Franc.

230 707 443 755 Garthsyde

134 765 276 803 Eadem
300 767 422 813 gratia
449 778 535 803 cum
564 766 710 804 duabus
734 766 1040 815 responsionibus
1068 769 1108 803 et
1133 778 1208 803 vna
1231 766 1439 802 variatione
1464 765 1684 802 conceditur

229 827 250 860 5
275 825 418 872 Aprilis
442 824 477 863 d.
504 824 607 862 Bald.
636 825 763 861 Esdall

135 883 361 920 Conceditur
378 886 420 920 21
439 883 546 920 ‚Iunii
563 883 715 920 domino
734 884 830 922 Heu.
850 884 1014 921 Howard
1035 888 1077 920 vt
1101 883 1273 920 studium
1296 884 1414 920 trium
1437 895 1621 920 annorum
1642 883 1682 920 in
1700 883 1726 922 f*
1750 884 1801 922 86
1822 897 1846 922 a

228 941 298 978 hac
314 942 505 979 academia
521 942 560 978 in
577 942 784 979 dialecticis
801 942 1070 990 philosophicis
1086 942 1205 990 grecis
1221 942 1428 989 latinisque
1444 942 1564 978 literis
1581 942 1681 978 suffi-

227 1001 304 1037 ciat
319 1001 353 1037 ei
366 1000 414 1037 ad
427 1001 683 1048 incipiendum
696 1001 736 1037 in
749 1001 896 1037 artibus
910 1002 964 1038 sic
977 1005 1019 1037 vt
1033 1002 1113 1038 eius
1125 1001 1305 1038 admissio
1317 1004 1394 1037 stet
1407 1012 1474 1048 pro
1487 1000 1684 1048 completis

228 1060 346 1108 gradu
362 1063 401 1097 et
417 1060 538 1097 forma
554 1060 593 1096 in
610 1061 766 1097 eiisdem
783 1061 838 1098 ita
854 1065 983 1098 tamen
1000 1064 1043 1097 vt
1059 1060 1230 1108 disputet
1250 1061 1290 1097 in
1313 1060 1494 1107 proximis
1518 1060 1684 1097 comitiis

229 1122 269 1156 et
284 1119 505 1156 convivetur
520 1123 560 1156 et
575 1119 805 1156 admittatur
824 1120 882 1156 vel
903 1131 990 1156 cum
1009 1119 1229 1156 ceremoniis
1252 1119 1311 1156 vel
1333 1119 1415 1155 sine
1438 1118 1593 1156 eiisdem
1616 1131 1684 1166 pro

230 1188 299 1213 suo
314 1175 502 1212 arbitratu
519 1177 651 1223 (frater
666 1177 772 1213 ducis
791 1176 939 1213 Northf.
959 1177 1093 1225 mar-9.)

136 1236 222 1273 Vna
238 1248 324 1272 cum
341 1235 415 1271 hiis
431 1236 573 1283 incepit
589 1235 635 1271 de
652 1235 805 1282 collegio
829 1236 944 1282 Regio
966 1235 1027 1272 eui
1050 1234 1153 1271 nulla
1177 1234 1299 1282 gratia
1321 1234 1442 1282 petita
1464 1246 1586 1282 neque
1609 1234 1684 1271 dis-

230 1296 401 1343 pensatio
417 1307 592 1332 concessa
610 1295 742 1332 Ruben
760 1295 959 1332 Sherwood

701 1576 820 1621 Ordo
850 1576 1120 1620 senioritatis

265 1702 450 1738 Dominus
467 1701 631 1739 Howard
890 1702 995 1750 Lyffe
1285 1703 1418 1739 Butler

468 1761 615 1798 Charke
892 1761 1004 1798 Allen
1288 1762 1404 1809 Paget

468 1820 668 1857 Sherwood
893 1821 1037 1858 Orooke
1291 1821 1499 1869 Doddynge

467 1879 669 1927 Fitziefray
893 1880 1092 1927 Kyrkland
1290 1881 1523 1927 Brownynge

469 1939 574 1986 Daye
894 1939 1044 1987 Ayleph
1291 1939 1484 1987 Stanhope

469 1997 625 2034 Browne
895 1998 1044 2035 Ducket
1288 1998 1445 2035 Lawson

471 2058 682 2106 Hennydge
894 2058 995 2106 Caye
1286 2059 1515 2096 Grenewood

470 2117 555 2164 Byn
897 2117 1101 2154 Garthside
1292 2118 1434 2154 Bai-ker

471 2175 604 2212 Picard
900 2176 1109 2213 Chambers
1285 2176 1412 2214 Cooke

470 2234 600 2271 Esdall
902 2235 1063 2272 Hudson
1287 2235 1493 2273 Olarebach

470 2293 583 2340 Elgar
599 2292 757 2342 [Edgar]
900 2294 1068 2330 Fax-rand
1291 2294 1411 2331 Nesse

470 2352 594 2389 Rodes
901 2353 1072 2390 Redman
1289 2355 1430 2391 Gravet

469 2411 705 2460 Wylkynson
720 2441 735 2454 .,
905 2413 1043 2460 Fewyll
1292 2414 1452 2450 Hanson

470 2469 736 2518 Waddyngton
910 2472 1076 2508 Holland
1289 2472 1401 2509 Beste

470 2529 692 2566 Woodward
907 2530 1067 2578 Wylkys

141 2705 371 2742 Conceditur
393 2706 431 2742 ix
453 2706 679 2742 Novembris
700 2707 768 2743 Ed.
790 2706 976 2743 Andleser
996 2708 1034 2743 in
1057 2707 1250 2744 academia
1269 2708 1472 2745 Oxoniensi
1489 2709 1528 2744 in
1546 2709 1692 2746 artibus

235 2766 415 2812 magistro
431 2769 474 2802 vt
489 2766 540 2802 sit
558 2766 618 2802 hic
635 2766 736 2813 apud
755 2779 821 2803 vos
837 2767 878 2803 in
895 2766 1051 2804 eiisdem
1072 2767 1191 2816 gradu
1213 2770 1253 2806 et
1272 2780 1372 2806 auno
1395 2768 1534 2816 quibus
1556 2769 1631 2806 fuit
1652 2770 1704 2805 in'

234 2823 336 2860 dicta
352 2824 544 2861 academia
562 2825 765 2862 Oxoniensi

1454 2945 1584 2984 13-2
