2002 3236
203 144 422 200 1544-45]
783 153 936 185 cason
966 152 1090 184 BOOK
1122 151 1152 182 Δ
1697 136 1753 178 23

202 259 300 296 Item
318 259 534 295 conceditur
551 257 713 294 Roberto
731 258 843 294 Leete
860 261 902 293 vt
917 259 962 293 12
978 255 1130 292 termini
1144 255 1183 291 in
1197 254 1336 301 quibus
1351 252 1531 288 lectiones
1546 250 1754 287 ordinarias

293 319 443 356 audiuit
468 330 534 366 per
562 318 743 354 maiorem
765 320 914 364 partem
938 317 978 352 in
998 318 1080 351 toto
1104 325 1191 350 cum
1214 310 1515 360 oppositionibus
1537 313 1577 346 et
1602 321 1751 356 respon-

293 377 462 414 sionibus
478 377 671 424 requisitis
686 377 874 413 sufficiant
893 376 926 412 ei
952 375 999 411 ad
1017 372 1320 422 respondendum
1338 370 1529 419 questioni

270 555 492 599 Numerus
522 555 929 598 bacchalaureorum
961 553 1006 595 in
1037 551 1207 595 artibus
1238 550 1370 593 huius
1399 548 1504 592 anni
1535 548 1677 592 iuxta¹

822 624 1121 667 senioritatem

413 729 524 764 Leete
864 726 1057 774 Goldynge
1387 722 1587 760 Edwardes

413 787 534 834 Lodge
867 785 1049 820 Emerson
1389 780 1560 817 Irelnnde

414 846 565 883 Nuttall
866 843 1059 891 Dylkocke
1387 840 1619 888 Skydmoooe
1642 879 1645 882 ,

413 906 616 954 Nevynson
866 902 1113 950 Wylliamson
1368 929 1375 932 .
1388 899 1528 936 Gaates

412 966 502 1002 Man
866 962 989 998 Baker
1386 959 1537 995 Hearon

412 1025 509 1071 Page
865 1020 1018 1057 Buskell
1389 1018 1522 1054 Freere

412 1082 560 1130 Sandye
866 1080 1026 1127 Wryght
1386 1077 1576 1113 Assheton

412 1142 547 1190 'Payler
866 1139 994 1187 Rabye
1386 1136 1516 1185 Rydge

410 1202 543 1248 Storey
866 1199 1087 1246 Longhorne
1386 1195 1616 1232 Hambleton

412 1259 540 1296 Todde
864 1258 1036 1293 Thexton

740 1498 937 1554 Magistri
969 1497 1014 1540 in
1046 1497 1214 1540 artibus
1769 1501 1796 1540 f.
1823 1502 1910 1540 lOb

201 1618 246 1654 In
273 1617 405 1664 primis
433 1615 649 1652 conceditur
676 1613 840 1653 Hem-ico
869 1612 1042 1660 Aylande
1069 1616 1112 1648 vt
1138 1623 1272 1648 novem
1302 1611 1455 1648 termini
1484 1614 1572 1658 post
1600 1609 1750 1647 finalem

294 1675 376 1711 eius
407 1673 759 1710 determinationem
793 1673 831 1708 in
865 1671 1004 1718 quibus
1043 1671 1222 1706 lectiones
1259 1669 1468 1706 ordinarias
1505 1668 1655 1705 audiuit
1686 1680 1753 1716 per

295 1734 475 1770 maiorem
500 1736 646 1780 partem
670 1732 709 1768 in
735 1734 817 1768 toto
840 1743 927 1767 cum
954 1730 1076 1767 tribus
1109 1728 1414 1777 responsionibus
1446 1728 1608 1765 sufficiat
1639 1729 1673 1764 ei
1702 1729 1750 1765 ad

296 1792 550 1841 incipiendum
579 1792 617 1827 in
644 1790 792 1827 artibus

202 1854 344 1891 Eadem
374 1852 496 1900 gratia
527 1851 573 1888 de
602 1850 715 1887 verbo
747 1851 785 1886 in
816 1849 972 1886 verbum
1005 1848 1224 1885 conceditur
1255 1847 1399 1884 'rhome
1432 1847 1571 1884 Levero
1603 1848 1749 1885 Simoni

295 1911 429 1948 Olarke
453 1910 621 1946 Antonio
650 1909 810 1955 Huggen
841 1907 1027 1944 Richardo
1054 1906 1187 1944 Ruddo
1210 1906 1374 1943 dominis
1398 1906 1561 1943 Aterton
1587 1906 1750 1954 Tyndall

295 1974 335 2007 et
360 1970 519 2017 Smytbe

201 2031 300 2068 Item
317 2028 533 2066 conceditur
548 2028 701 2065 domino
723 2027 851 2064 Elmer
867 2032 910 2064 vt
929 2039 1064 2064 novem
1081 2026 1234 2063 termini
1257 2029 1344 2073 post
1361 2024 1511 2062 finalem
1527 2025 1609 2062 eius
1627 2025 1747 2062 deter-

296 2088 541 2125 minationem
565 2088 603 2123 in
627 2087 767 2134 quibus
785 2087 964 2123 lectiones
986 2086 1194 2123 ordinarias
1215 2084 1365 2122 audiuit
1387 2084 1477 2121 licet
1499 2096 1574 2121 non
1596 2085 1750 2121 omnino

295 2146 501 2183 secundum
523 2146 682 2182 formam
705 2146 842 2182 statuti
867 2158 953 2182 cum
975 2145 1123 2182 duabus
1146 2143 1451 2191 responsionibus
1475 2147 1515 2179 et
1534 2155 1608 2179 vna
1631 2144 1750 2180 varia-

294 2206 396 2242 tione
412 2205 580 2252 proximo
596 2217 695 2241 anno
713 2205 770 2241 vel
788 2205 827 2241 in
843 2204 1048 2241 commitiis
1065 2203 1246 2251 proximis
1261 2202 1424 2239 sufficiat
1446 2202 1480 2238 ei
1503 2202 1550 2238 ad
1572 2202 1747 2249 incipien-

295 2264 387 2301 dum
403 2264 443 2300 in
459 2263 607 2300 artibus

202 2323 302 2360 Item
324 2321 540 2358 conceditur
561 2321 715 2358 domino
739 2321 879 2358 Leedes
903 2324 946 2358 vt
970 2333 1035 2357 sex
1059 2320 1211 2357 termini
1237 2323 1324 2367 post
1348 2319 1499 2356 finalem
1524 2320 1606 2356 eius
1629 2319 1750 2356 deter-

298 2382 542 2418 minationem
555 2381 595 2417 in
611 2380 749 2428 quibus
761 2381 940 2417 lectiones
949 2379 1157 2416 ordinarias
1169 2378 1318 2415 audiuit
1333 2389 1400 2426 per
1411 2378 1590 2414 maiorem
1603 2383 1750 2426 partem

297 2440 335 2476 iu
358 2443 441 2476 toto
462 2451 548 2476 cum
568 2438 692 2475 tribus
713 2438 1020 2486 responsionibus
1041 2437 1204 2474 sufficiat
1226 2437 1260 2473 ei
1282 2436 1330 2472 ad
1353 2436 1609 2484 incipiendum
1631 2437 1671 2473 in
1693 2450 1750 2474 ar-

297 2498 401 2534 tibus

202 2558 344 2595 Eadem
373 2557 494 2604 gratia
521 2556 568 2593 de
597 2556 709 2592 verbo
734 2557 775 2592 in
801 2556 958 2592 verbum
987 2555 1204 2592 conceditur
1231 2554 1396 2591 dominis
1425 2554 1581 2590 Lovelas
1607 2555 1751 2592 Blande

313 2616 572 2664 Grymsdyche
597 2620 637 2652 et
664 2616 815 2652 Morton

204 2677 303 2714 Item
319 2675 537 2725 conceditur
557 2675 710 2712 domino
727 2675 928 2712 Hawforde
945 2678 988 2712 vt
1007 2687 1071 2711 sex
1087 2674 1240 2710 termini
1262 2677 1349 2721 post
1366 2673 1516 2710 finalem
1533 2674 1614 2710 eius
1629 2674 1749 2711 deter-

298 2735 545 2771 minationem
581 2734 621 2770 in
658 2733 798 2781 quibus
835 2733 1014 2770 lectiones
1051 2733 1258 2769 ordinarias
1290 2732 1439 2769 audiuit
1470 2744 1538 2779 per
1571 2734 1750 2771 maiorem

273 2856 286 2877 ¹
309 2856 421 2888 These
437 2865 559 2888 names
575 2865 632 2888 are
648 2855 785 2888 written
802 2865 847 2888 on
865 2855 924 2887 the
940 2854 1075 2888 bottom
1091 2853 1175 2894 edge
1190 2854 1229 2886 of
1243 2854 1289 2886 so.
1307 2855 1327 2887 9
1339 2854 1359 2886 b
1374 2864 1414 2887 as
1433 2853 1532 2886 those
1547 2865 1592 2886 on
1609 2865 1643 2896 p.
1659 2856 1692 2888 4.
