2002 3236
209 172 430 229 1543-44]
784 182 936 216 emon
966 183 1091 215 Boon
1122 182 1152 216 Δ
1697 175 1752 217 19

598 468 750 512 Gratie
780 468 898 512 varie
929 473 975 513 et
1003 468 1347 527 dispensationes

196 579 243 616 In
271 580 405 627 primis
426 580 643 618 conceditur
666 580 811 619 doctori
834 583 970 630 Tayler
991 583 1182 630 preposito
1207 583 1353 630 collegii
1379 583 1403 619 J
1406 582 1542 619 oannis
1567 585 1610 618 vt
1630 580 1751 629 possit

291 650 417 686 regere
443 641 484 675 et
509 651 584 676 non
608 651 734 687 regere
768 641 816 677 ad
848 641 1031 688 placitum
1057 642 1111 678 sic
1135 642 1237 690 quod
1263 642 1389 678 soluat
1417 640 1659 678 vniuersitati
1688 646 1751 677 xx·

299 699 388 734 ante
412 697 558 734 finitam
584 700 909 746 congregationem

201 756 300 793 Item
324 757 541 793 conceditur
564 760 607 793 vt
629 757 710 794 dies
734 758 822 794 lune
844 759 1037 806 proximus
1061 759 1113 795 sit
1140 759 1383 807 disputabilis
1406 759 1487 795 1000
1508 762 1548 795 et
1573 758 1652 795 vice
1676 757 1751 795 diei

293 815 450 852 Veneris
465 816 531 862 qui
547 816 832 863 processionalis
853 818 926 854 erit
968 818 1030 854 Ita
1050 821 1094 854 vt
1114 820 1193 854 tam
1217 819 1396 865 magister
1405 817 1669 865 disputaturus
1689 817 1752 854 die

294 874 451 910 Veneris
467 886 583 921 quam
606 874 897 912 bacohalaureus
919 887 1169 923 responsurus
1192 877 1364 924 disputet
1386 880 1427 913 et
1449 876 1675 924 respondeat
1690 876 1752 912 die

293 933 382 970 lune

201 991 299 1028 Item
324 993 542 1030 conceditur
561 996 602 1029 vt
626 993 756 1030 doctor
778 993 916 1042 Blythe
941 995 1112 1042 magistri
1137 995 1368 1043 Swynborne
1392 998 1432 1031 et
1457 995 1583 1043 Palley
1603 994 1751 1042 possint

293 1062 374 1087 esse
391 1051 533 1088 iudices
549 1052 589 1088 in
605 1063 719 1088 causa
741 1052 1008 1100 appellationis
1028 1054 1129 1090 inter
1153 1054 1348 1090 dominum
1374 1053 1559 1090 Thomam
1577 1053 1751 1100 Boynton

292 1112 332 1145 et
348 1109 531 1146 Thomam
546 1109 720 1158 Haryson
737 1110 792 1146 ita
808 1111 909 1157 quod
925 1112 1156 1149 sententiam
1173 1113 1297 1149 ferant
1313 1112 1409 1148 eitra
1418 1112 1559 1148 festum
1577 1111 1750 1148 Nicholai

293 1167 506 1215 proximum
526 1168 581 1204 sic
600 1167 699 1215 quod
727 1169 907 1216 quicquid
928 1171 1048 1206 maior
1073 1183 1160 1218 pars
1182 1172 1316 1208 horum
1340 1170 1548 1208 decreuerit
1572 1182 1641 1218 pro
1666 1174 1751 1206 rato

292 1225 477 1263 habeatur

199 1286 297 1322 Item
320 1286 536 1322 conceditur
558 1289 601 1323 vt
624 1287 780 1334 exequie
804 1287 1025 1325 celebrande
1050 1289 1089 1325 in
1118 1289 1272 1336 collegio
1296 1288 1438 1326 Christi
1465 1288 1527 1326 die
1554 1289 1752 1325 Dominico

293 1349 383 1382 ante
407 1346 601 1383 commitia
627 1347 775 1394 possint
798 1347 976 1384 celebrari
1003 1348 1065 1385 die
1090 1348 1213 1385 saboti
1239 1349 1323 1395 (sic)
1342 1348 1510 1395 proxime
1534 1348 1749 1396 precedenti

293 1416 368 1441 non
393 1404 569 1442 obstante
593 1410 740 1442 statuto

200 1461 298 1497 Item
315 1460 532 1498 conceditur
548 1462 729 1509 magistro
747 1463 859 1511 Odyll
886 1466 928 1499 vt
953 1464 1113 1500 variatio
1134 1463 1181 1500 ad
1204 1475 1320 1511 quam
1337 1466 1490 1499 tenetur
1504 1467 1594 1499 ante
1610 1463 1750 1499 festum

291 1519 508 1557 natiuitatis
530 1520 672 1558 Christi
697 1520 769 1557 sub
792 1533 890 1569 pena
909 1528 970 1558 xx·
990 1523 1081 1570 quia
1103 1522 1208 1558 nulla
1232 1522 1363 1558 futura
1386 1524 1446 1558 est
1468 1521 1678 1569 disputatio
1710 1522 1750 1558 in

291 1578 437 1615 artibus
466 1579 587 1627 possit
613 1579 753 1616 differri
787 1581 842 1616 ita
871 1583 912 1617 vt
946 1582 1162 1629 perficiatur
1188 1584 1278 1618 ante
1309 1581 1557 1617 cessationem
1590 1581 1749 1628 proximi

292 1639 443 1675 termini
468 1639 540 1676 sub
564 1651 660 1687 pena
684 1641 891 1688 prescripta

197 1696 338 1734 Eadem
361 1698 483 1744 gratia
507 1698 725 1749 conceditur
746 1700 926 1746 magistro
956 1700 1061 1736 West
1087 1699 1381 1736 Pembrochiano

198 1754 297 1791 Item
317 1755 533 1792 conceditur
553 1760 596 1792 vt
619 1756 796 1794 dominus
815 1756 1141 1794 vicecancellarius
1165 1770 1296 1794 omnes
1322 1757 1559 1804 collegiorum
1584 1757 1751 1804 presides

290 1818 330 1852 et
345 1815 516 1852 doctores
532 1817 679 1864 possint
695 1818 871 1864 prefinire
887 1821 1074 1865 quantum
1092 1818 1249 1865 pecunie
1271 1817 1491 1853 achademia
1508 1815 1751 1852 mutuabitur

289 1886 333 1911 ex
354 1875 460 1911 cistis
477 1876 613 1912 vestris
635 1876 684 1912 ad
701 1880 821 1912 terras
844 1876 1022 1913 emendas
1045 1880 1085 1912 et
1105 1889 1180 1924 qua
1199 1876 1278 1923 lege
1299 1879 1368 1912 aut
1390 1876 1544 1923 pignore
1568 1879 1607 1911 et
1631 1887 1749 1922 quan·

291 1937 374 1970 tum
398 1934 601 1971 fundorum
626 1939 772 1971 emetur
796 1948 864 1983 pro
886 1935 1106 1972 achademia
1133 1939 1173 1971 et
1197 1935 1262 1982 qui
1283 1934 1390 1971 fundi
1415 1939 1454 1970 et
1480 1947 1546 1982 per
1574 1946 1670 1981 quos
1696 1934 1750 1970 sic

291 1995 334 2029 vt
350 1993 530 2040 quicquid
547 1993 601 2029 hii
618 2006 688 2030 suo
704 2006 889 2031 consensu
906 1994 1141 2031 decreuerint
1158 1995 1197 2031 in
1214 1998 1298 2030 tota
1314 1995 1389 2030 ista
1405 2006 1445 2030 re
1461 1995 1508 2030 de
1522 1993 1751 2042 providendo

291 2051 417 2098 aliquo
445 2063 572 2088 annuo
598 2052 750 2090 redditu
778 2053 867 2090 huic
896 2054 1113 2090 achademie
1141 2066 1209 2101 pro
1237 2056 1363 2089 vestro
1389 2053 1509 2089 totius
1533 2052 1750 2088 achademie

289 2122 473 2148 consensu
503 2115 542 2148 et
575 2111 726 2149 decreto
751 2112 936 2149 habeatur
968 2113 1024 2149 ita
1052 2116 1180 2149 tamen
1206 2115 1249 2148 vt
1281 2111 1386 2148 nulla
1410 2112 1569 2159 pecunia
1592 2111 1750 2147 tollatur

289 2181 334 2206 ex
356 2170 463 2207 cistis
486 2171 708 2219 priusquam
738 2175 973 2208 transactum
998 2172 1050 2208 sit
1074 2172 1121 2208 de
1145 2172 1337 2219 emptione
1362 2174 1549 2207 terrarum
1575 2173 1615 2207 et
1642 2170 1749 2207 vobis

289 2230 533 2266 renunciatur

198 2288 296 2324 Item
313 2290 530 2327 conceditur
552 2294 594 2327 vt
617 2291 687 2327 hoc
709 2303 809 2328 anno
831 2291 1120 2328 determinaturi
1145 2291 1292 2338 possint
1314 2290 1538 2337 respondere
1557 2290 1746 2336 questioni

288 2350 374 2394 post
389 2347 529 2385 festum
548 2349 823 2386 Purificationis
840 2362 914 2386 non
932 2349 1107 2386 obstante
1124 2352 1270 2385 statuto

197 2404 296 2441 Item
320 2406 538 2443 conceditur
559 2410 602 2444 vt
625 2407 852 2444 admittendi
873 2408 912 2444 in
929 2408 1116 2454 theologia
1135 2408 1206 2443 hoc
1230 2411 1398 2453 tempore
1422 2406 1576 2442 admitti
1599 2407 1748 2453 possint

289 2476 355 2511 per
371 2477 487 2502 vnum
504 2466 543 2502 in
561 2466 747 2514 theologia
763 2467 954 2504 doctorem
971 2468 1003 2503 si
1020 2467 1134 2503 ceteri
1152 2479 1219 2514 per
1240 2466 1502 2502 infirmitatem
1522 2465 1653 2502 adesse
1670 2478 1746 2502 non

288 2523 437 2569 possint

195 2581 294 2618 Item
322 2583 540 2620 conceditur
557 2587 599 2620 vt
620 2584 796 2621 dominus
818 2583 1142 2620 vicecancellarius
1165 2582 1332 2630 presides
1357 2582 1594 2629 collegiorum
1618 2593 1749 2618 omnes

291 2641 348 2677 vel
372 2653 501 2678 eorum
523 2642 724 2679 substituti
746 2655 820 2679 vna
844 2655 931 2679 cum
956 2641 1261 2690 procuratoribus
1285 2639 1451 2676 habeant
1475 2640 1747 2676 authoritatem

288 2699 478 2737 limitandi
495 2701 648 2738 modum
666 2705 705 2738 et
722 2702 881 2738 formam
898 2701 1037 2748 quibus
1053 2712 1184 2737 omnes
1199 2700 1417 2747 quicunque
1438 2699 1747 2735 scholasticorum

289 2760 494 2807 priuilegiis
510 2761 676 2807 gauisuri
693 2764 784 2798 sunt
800 2764 840 2798 et
856 2761 1040 2797 hactenus
1056 2772 1132 2796 non
1149 2763 1240 2796 sunt
1257 2759 1371 2795 iurati
1387 2758 1603 2794 achademie
1626 2764 1747 2805 ne‘que

289 2818 519 2854 matriculati
551 2819 713 2856 debeant
736 2819 865 2867 jurare
893 2822 932 2855 et
958 2818 1191 2855 matricula-ri
1224 2821 1264 2854 et
1296 2822 1483 2865 quantum
1513 2829 1581 2864 pro
1607 2817 1681 2852 ista
1707 2829 1747 2852 re

290 2875 451 2913 debeant
473 2878 617 2915 soluere
641 2882 680 2915 et
704 2878 893 2926 quomodo
909 2882 948 2915 et
964 2877 1146 2925 quicquid
1168 2877 1222 2913 hii
1245 2888 1375 2913 omnes
1396 2879 1464 2913 aut
1483 2877 1603 2912 maior
1617 2887 1746 2912 eorum

1532 2948 1637 2986 2-2

1768 472 1882 512 281>
