2008 3216
124 594 150 633 f.
174 592 266 631 51b

140 2671 285 2710 12628

341 161 425 203 130
923 167 1076 200 GRAcn
1106 166 1232 198 BOOK
1263 166 1294 196 Δ
1673 152 1894 210 [1558-59

558 594 868 649 [1558—1559
931 593 1161 635 Accession
1196 593 1244 634 of
1268 592 1420 645 Queen
1454 593 1683 635 Elizabeth

929 667 981 711 17
1016 669 1128 712 Nov.
1162 669 1296 725 1558]

346 823 498 868 Gratie
529 825 620 868 sive
649 827 886 883 petitiones
917 841 1116 868 concesse
1147 825 1192 867 in
1224 825 1355 882 plena
1385 824 1719 882 congregatione
1749 836 1901 879 regen-

464 894 577 937 tium
618 901 665 938 et
698 911 787 938 non
821 895 1070 953 regentium
1106 910 1132 937 a
1173 895 1284 938 festo
1320 895 1472 939 Sancti
1513 893 1740 939 Michaelis
1780 891 1902 935 arch-

463 965 610 1022 angeli
640 981 756 1009 anno
790 969 904 1008 1558
935 979 1070 1022 vsque
1101 965 1156 1007 ad
1184 964 1300 1008 idem
1329 965 1492 1008 festum
1519 970 1680 1008 extunc
1708 961 1903 1020 proxime

463 1049 650 1091 sequens
716 1036 910 1079 Roberto
944 1036 1146 1091 Brassey¹
1177 1050 1295 1078 sacre
1332 1035 1549 1091 theologie
1582 1034 1818 1091 professore
1855 1045 1904 1073 ac

464 1106 684 1162 preposito
710 1106 881 1163 collegii
910 1106 1086 1164 Regalis
1117 1111 1224 1148 tunc
1249 1105 1583 1161 procancellario
1613 1109 1657 1146 et
1684 1101 1904 1159 magistris

467 1175 653 1218 Ricardo
684 1175 858 1219 Smithe
889 1182 936 1219 et
966 1176 1170 1220 Johanne
1202 1175 1297 1218 Bell
1328 1173 1680 1231 procuratoribus

352 1312 398 1347 In
415 1312 549 1359 primis
561 1313 779 1349 conceditur
793 1316 854 1350 14ο
867 1313 1042 1350 Octobris
1054 1316 1096 1349 vt
1109 1324 1239 1349 omnes
1251 1313 1371 1359 gratie
1383 1312 1617 1349 admittende
1629 1324 1697 1360 per
1707 1311 1904 1348 dominum

445 1372 790 1409 vicecancellarium
806 1373 997 1410 doctorem
1016 1373 1134 1409 Peme
1150 1372 1341 1409 doctorem
1363 1373 1517 1420 Mytche
1539 1373 1763 1420 magistrum
1780 1372 1904 1418 Cosyn

445 1435 484 1468 et
524 1433 748 1479 magistrum
781 1433 1010 1481 Vxenbrydg
1041 1436 1202 1480 possunt
1239 1444 1458 1469 concurrere
1489 1433 1528 1469 in
1561 1436 1726 1480 quatuor
1757 1443 1906 1478 congre-

444 1492 659 1538 gationibus
675 1493 788 1528 huius
804 1493 894 1528 anni
911 1496 950 1528 et
966 1492 1126 1539 quilibet
1143 1504 1271 1528 eorum
1289 1491 1427 1528 habeat
1443 1503 1572 1528 vocem
1589 1492 1803 1539 negatiuam

353 1550 451 1585 Item
465 1550 682 1587 conceditur
693 1555 734 1586 vt
744 1551 875 1587 doctor
887 1551 1020 1598 Young
1033 1551 1212 1597 magister
1225 1550 1344 1598 Bayly
1356 1551 1533 1598 magister
1546 1550 1715 1598 Anlebye
1729 1550 1907 1597 magister

449 1609 588 1645 Parker
615 1613 655 1645 et
684 1610 864 1656 magister
890 1609 1094 1657 Atkynson
1129 1610 1276 1656 possint
1302 1609 1432 1645 audire
1461 1612 1501 1645 et
1528 1609 1779 1645 determinare
1808 1620 1905 1644 com-

446 1669 588 1715 pariter
612 1669 712 1704 inter
736 1669 1022 1705 vniuersitatem
1048 1673 1088 1704 et
1112 1671 1360 1715 exequutores
1384 1669 1553 1715 magistri
1580 1669 1702 1704 Meers
1723 1667 1770 1704 de
1789 1668 1906 1703 omni-

448 1727 519 1763 bus
545 1728 756 1764 rationibus
783 1729 881 1764 inter
905 1741 968 1764 eos
994 1731 1032 1764 et
1058 1729 1342 1764 vniuersitatem

356 1786 452 1821 Item
475 1786 693 1822 conceditur
709 1791 752 1822 vt
776 1787 972 1822 Mattheus
997 1787 1132 1823 Stokes
1155 1786 1322 1823 bedellus
1345 1787 1396 1822 sit
1414 1799 1510 1822 vnus
1527 1798 1570 1822 ex
1588 1786 1908 1833 appreciatoribus

448 1849 488 1880 et
503 1845 627 1880 scriba
642 1845 859 1881 achademie
878 1849 919 1881 vt
936 1846 1114 1892 magister
1132 1845 1275 1881 Meeres
1293 1844 1530 1892 predecessor
1546 1845 1626 1881 eius
1642 1845 1715 1881 fuit

356 1904 453 1939 Item
479 1903 608 1940 eodem
638 1904 856 1940 conceditur
880 1908 923 1940 vt
948 1905 1034 1940 lecti
1063 1908 1222 1952 possunt
1251 1915 1332 1940 esse
1357 1904 1530 1940 custodes
1557 1907 1596 1940 et
1623 1903 1814 1940 auditores
1839 1904 1909 1940 cis-

449 1966 574 1999 tarum
600 1975 668 2011 pro
693 1963 762 1999 hoc
787 1976 886 2000 anno
911 1964 1084 2011 sequenti

357 2021 454 2058 Item
487 2022 704 2058 conceditur
736 2025 775 2058 3⁰
805 2021 1031 2059 Novembris
1059 2024 1102 2058 vt
1133 2022 1297 2068 sigillum
1332 2022 1441 2059 officii
1474 2022 1684 2059 cancellarii
1716 2026 1756 2059 et
1788 2022 1912 2059 claves

449 2081 661 2117 communis
693 2081 787 2118 ciste
820 2081 967 2128 possint
999 2081 1153 2128 sigillari
1187 2081 1319 2128 sigillis
1356 2081 1620 2128 magistrorum
1655 2082 1840 2130 Hawsope
1871 2086 1911 2119 et

451 2140 620 2177 Fewater

805 2200 987 2247 Magister
1003 2199 1127 2248 Oosyn
1146 2200 1472 2237 vicecancellarius

357 2259 455 2295 Item
473 2259 691 2296 conceditur
713 2261 735 2295 8
759 2258 985 2296 Novembris
1007 2262 1049 2295 vt
1073 2259 1252 2306 magister
1274 2258 1399 2307 Oosyn
1422 2259 1564 2296 electus
1587 2259 1912 2298 vicecancellarius

452 2319 569 2366 possit
599 2318 752 2356 admitti
782 2320 819 2355 in
850 2319 1013 2356 officium
1039 2330 1150 2355 suum
1175 2318 1277 2355 domi
1302 2322 1342 2355 et
1368 2318 1506 2356 ibidem
1537 2320 1658 2356 iurare
1686 2324 1725 2356 et
1750 2321 1912 2369 recipere

451 2378 615 2425 sigillum
648 2383 688 2415 ct
720 2379 843 2415 claves
875 2390 1000 2416 coram
1033 2378 1251 2415 doctoribus
1280 2378 1436 2426 Younge
1468 2382 1507 2415 et
1542 2379 1718 2416 Bullocke
1750 2379 1913 2417 dominis

454 2438 757 2486 procuratoribus
789 2438 981 2486 magistris
1007 2438 1185 2486 Hausope
1212 2441 1252 2475 et
1280 2438 1447 2475 Fewater
1474 2439 1652 2486 quoniam
1678 2444 1832 2487 propter
1856 2440 1909 2475 in-

454 2497 671 2534 firmitatem
691 2497 728 2533 in
748 2496 940 2544 publicum
958 2496 1106 2545 prodire
1125 2508 1198 2533 nou
1216 2496 1380 2533 audebat

361 2556 457 2592 Item
474 2556 692 2593 conceditur
714 2559 759 2592 22
784 2555 1008 2592 Novembris
1031 2559 1073 2592 vt
1098 2556 1276 2603 magister
1301 2555 1441 2603 Baylyo
1457 2558 1496 2591 et
1519 2556 1696 2603 magister
1717 2556 1912 2606 Hanlebye

454 2616 600 2663 possint
615 2615 788 2663 supplere
806 2616 904 2652 vices
920 2614 1133 2652 absentium
1151 2614 1366 2652 auditorum
1383 2615 1476 2651 oiste
1493 2615 1703 2652 communis

363 2675 458 2711 Item
476 2675 694 2711 conceditur
711 2678 757 2711 2⁶
776 2674 1001 2711 Novembris
1017 2673 1221 2721 resignatio
1238 2673 1406 2721 magistri
1425 2673 1615 2711 Edmundi
1629 2674 1752 2723 Cosyn
1767 2674 1915 2723 publice

453 2746 577 2771 coram
613 2733 828 2782 regentibus
861 2745 927 2782 per
959 2733 1149 2770 doctorem
1184 2733 1277 2770 Yalc
1309 2732 1533 2781 deputatum
1566 2736 1605 2769 et
1634 2737 1913 2781 procuratorem

454 2806 566 2832 suurn
593 2795 690 2832 lecta
714 2794 760 2832 de
785 2799 824 2831 et
850 2806 916 2843 pro
940 2793 1060 2831 officio
1086 2793 1454 2830 viceoanoellariatus

952 2869 960 2891 ¹
987 2869 1049 2903 soe
1074 2868 1330 2904 Introduction.
