2008 3216
321 154 404 194 148
901 159 1054 193 emen
1084 160 1210 192 BOOK
1240 159 1271 191 Δ
1646 149 1866 205 [1560-61

317 266 545 302 Conceditur
561 269 623 301 22⁰
640 264 866 301 Novembris
882 264 1035 301 domino
1051 264 1191 300 Baxter
1209 263 1401 311 quondam
1423 263 1567 310 collegii
1586 263 1691 310 Regii
1708 263 1808 300 socio
1831 266 1872 300 et

411 325 452 360 in
483 323 630 360 artibus
654 323 900 359 bachalaureo
925 326 967 358 vt
996 322 1167 359 studium
1199 325 1243 359 16
1273 333 1458 358 annorum
1492 322 1532 358 in
1564 322 1801 370 philosophia
1832 325 1872 358 et

410 382 597 419 medicina
624 382 787 418 sufficiat
811 381 846 417 ei
870 381 918 417 ad
943 381 1227 428 practicandum
1255 380 1296 416 in
1320 382 1402 416 arte
1428 380 1573 417 medica
1597 381 1653 417 ita
1676 384 1804 417 tamen
1828 383 1872 417 vt

412 442 494 478 eius
509 441 671 477 eruditio
686 445 726 477 et
741 441 905 487 cognitio
921 440 961 476 in
978 440 1082 476 dicta
1098 439 1280 475 facultate
1295 439 1402 486 prius
1425 440 1660 476 examinetur
1681 442 1721 476 et
1739 451 1871 487 appro-

413 501 525 538 betur
540 513 606 548 per
621 500 792 536 doctores
808 499 963 536 Walker
978 502 1019 535 et
1035 499 1191 535 Bounde
1207 501 1248 535 et
1263 510 1330 546 per
1346 510 1463 535 vnum
1486 510 1614 535 eorum
1637 501 1874 546 presentetur

413 559 565 596 domino
592 558 892 595 vicecancellario
924 559 964 594 in
994 558 1106 605 plena
1137 558 1422 605 congregatione
1453 558 1664 605 regentium
1689 560 1730 594 et
1760 557 1874 594 huius

414 622 537 655 vestre
569 618 805 654 concessione
837 617 967 653 literas
992 616 1132 654 habeat
1160 617 1346 664 sigillatas
1371 617 1492 664 sigillo
1526 620 1650 654 vestro
1682 617 1873 654 communi

416 679 661 715 Presentatus
686 690 753 725 per
775 678 967 714 doctorem
992 677 1151 714 Bounde

161 928 186 966 f.
210 927 262 967 60
277 928 303 966 b
804 929 1113 973 Bacchalaurei
1143 929 1188 972 in
1221 930 1390 973 artibus

321 1056 550 1092 Conceditur
565 1059 588 1092 6
605 1057 629 1092 J
631 1057 712 1092 unii
729 1057 753 1093 J
755 1069 788 1093 o.
806 1057 965 1104 Smythe
983 1060 1026 1092 vt
1045 1060 1088 1092 12
1106 1057 1259 1093 termini
1272 1057 1311 1093 in
1324 1057 1464 1104 quibus
1475 1058 1654 1094 lectiones
1666 1059 1875 1096 ordinarias

414 1115 565 1151 audiuit
577 1115 665 1151 licet
678 1127 753 1151 non
767 1115 920 1151 omnino
933 1115 1140 1151 secundum
1153 1116 1312 1152 formam
1325 1116 1462 1152 statuti
1475 1128 1562 1152 cum
1575 1117 1875 1164 oppositionibus

415 1174 720 1222 responsionibus
736 1178 775 1211 et
791 1174 875 1210 aliis
900 1175 1088 1211 exercitiis
1104 1187 1171 1222 per
1191 1175 1292 1222 regia
1314 1178 1462 1212 statuta
1477 1176 1669 1223 requisitis
1685 1177 1875 1214 sufficiant

414 1234 449 1270 ei
478 1246 545 1281 pro
574 1234 772 1281 completis
799 1234 916 1281 gradu
943 1239 982 1270 et
1010 1235 1131 1271 forma
1158 1235 1393 1272 bachalaurei
1423 1236 1462 1272 in
1491 1236 1638 1272 artibus
1665 1236 1720 1273 sic
1745 1239 1874 1273 tamen

415 1298 458 1330 vt
483 1294 563 1330 eius
589 1293 751 1330 eruditio
775 1294 1006 1341 approbetur
1029 1306 1096 1342 per
1120 1294 1395 1331 examinatores
1419 1295 1533 1332 huius
1556 1296 1646 1332 anni
1671 1299 1711 1333 et
1733 1298 1811 1333 stet
1834 1296 1873 1332 in

415 1353 585 1400 proxima
608 1353 894 1400 quadragesima
918 1365 1005 1390 cum
1029 1354 1165 1391 ceteris
1189 1354 1450 1401 questionistis

785 1597 1134 1641 Bacchalaureus
1165 1599 1209 1641 in
1244 1599 1407 1642 musica

319 1723 548 1760 Conceditur
563 1726 607 1760 13
624 1723 841 1760 Decembris
855 1723 1018 1760 Roberto
1032 1723 1163 1772 Wight
1179 1727 1222 1761 vt
1234 1723 1405 1760 studium
1420 1726 1466 1759 10
1477 1735 1662 1759 annorum
1676 1722 1715 1759 in
1732 1723 1875 1759 musica

415 1783 577 1819 sufficiat
605 1783 638 1819 ei
667 1782 716 1819 ad
743 1782 962 1819 intrandum
998 1784 1038 1819 in
1064 1783 1195 1819 eadem
1228 1782 1283 1819 sic
1315 1787 1443 1819 tamen
1477 1785 1519 1819 vt
1551 1786 1753 1830 componat
1776 1794 1875 1819 com-

417 1842 633 1878 munionem
665 1842 893 1879 cantandam
923 1842 962 1878 in
993 1842 1150 1878 ecclesia
1181 1841 1291 1878 beate
1320 1842 1439 1878 Marie
1471 1853 1596 1878 coram
1629 1841 1876 1878 vniuersitate

416 1901 455 1936 in
480 1900 541 1937 die
565 1900 804 1937 comitiorum
829 1901 901 1937 sub
926 1913 1023 1948 pena
1047 1901 1299 1949 quadraginta
1326 1900 1530 1938 solidorum
1560 1900 1703 1948 <omnia
1731 1900 1875 1948 peregit

415 1960 548 2008 marg.)

768 2206 1075 2250 Bacchalaurei
1107 2206 1151 2249 in
1177 2205 1279 2263 jure
1310 2206 1428 2249 civili

320 2334 548 2370 Conceditur
572 2336 619 2369 20
645 2333 772 2370 Martii
795 2332 948 2370 domino
974 2333 1192 2370 Hammond
1217 2337 1260 2370 vt
1281 2333 1451 2370 studium
1475 2337 1497 2370 5
1522 2346 1706 2371 annorum
1732 2334 1770 2370 in
1793 2334 1874 2371 iure

414 2390 516 2429 ciuili
541 2403 627 2428 cum
652 2390 953 2439 oppositionibus
977 2391 1282 2439 responsionibus
1304 2394 1344 2429 et
1370 2392 1454 2428 aliis
1475 2392 1661 2429 exercitiis
1685 2404 1751 2440 per
1775 2393 1875 2440 regia

414 2454 562 2488 statuta
578 2450 770 2497 requisitis
786 2450 948 2487 sufficiat
964 2450 998 2487 ei
1016 2450 1064 2487 ad
1082 2450 1301 2487 intrandum
1320 2450 1359 2487 in
1375 2450 1504 2487 eedem
1523 2450 1703 2487 facultate

318 2509 546 2548 Conceditur
568 2509 602 2557 vj
628 2509 650 2545 J
655 2508 733 2545 unii
758 2513 800 2546 vt
823 2509 1014 2557 responsio
1033 2508 1175 2545 domini
1202 2507 1418 2545 Hammond
1441 2508 1480 2545 in
1504 2508 1584 2545 iure
1605 2508 1705 2545 civili
1729 2508 1873 2546 ratione

411 2568 550 2617 gradus
573 2567 802 2616 suscipiendi
827 2567 948 2615 possit
970 2566 1111 2605 differri
1137 2567 1175 2604 in
1206 2568 1375 2615 proxima
1399 2566 1552 2605 comitia
1577 2566 1636 2604 vel
1664 2568 1871 2615 proximam

411 2628 735 2677 quadragesimam
752 2626 824 2664 sub
841 2638 938 2675 pena
954 2626 990 2663 xl
1003 2639 1023 2663 s
1103 2625 1330 2674 (Respondit
1347 2626 1386 2663 in
1403 2625 1464 2663 die
1481 2626 1719 2663 comitiorum
1739 2628 1871 2676 mary.)

318 2688 462 2734 Quarto
478 2688 500 2725 J
506 2687 571 2724 ulii
588 2686 848 2735 dispensatum
865 2689 924 2722 est
940 2696 1027 2722 eum
1044 2684 1225 2732 magistro
1248 2683 1465 2722 Hammond
1481 2683 1529 2721 de
1551 2695 1626 2721 non
1643 2684 1797 2732 legendo
1819 2686 1874 2723 sio

414 2750 456 2784 vt
471 2746 593 2783 solvat
611 2745 847 2782 vniuersitati
866 2744 928 2793 xiij
941 2757 961 2782 s
977 2744 1030 2793 iiij
1043 2744 1068 2782 d

320 2806 473 2844 Decimo
505 2810 638 2843 octavo
672 2804 815 2854 Aprilis
850 2804 1113 2852 dispensatum
1146 2806 1206 2841 eet
1238 2815 1325 2841 eum
1359 2802 1539 2851 magistro
1579 2803 1687 2852 Rydg
1718 2803 1764 2841 de
1798 2816 1874 2842 non

414 2863 567 2913 legendo
590 2864 644 2901 aio
671 2866 711 2901 vt
735 2863 859 2901 solvat
885 2862 1125 2901 vuiuersitati
1151 2875 1229 2900 xxs
