2008 3294
346 202 431 244 330
928 215 1079 247 GRACE
1110 214 1235 246 BOOK
1266 215 1296 246 Δ
1670 203 1893 261 [1579-80

346 317 402 352 Ex
422 317 573 364 collegio
594 317 673 354 divi
695 318 882 355 Johannis
945 319 980 356 d.
1007 319 1103 356 Hen.
1127 319 1270 355 Nelson
1290 319 1387 356 Hen.
1412 319 1570 367 Toppan
1594 319 1738 367 Rogero
1761 319 1895 356 Morell

439 376 532 413 Tho.
563 376 706 424 Sparke
737 377 762 413 J
764 389 796 413 o.
828 377 1016 413 Kirkland
1046 377 1200 414 Otewell
1230 377 1324 425 Hyll
1353 377 1559 414 Nathanell
1589 378 1724 414 Knoxe
1749 377 1894 414 Arturo

437 435 608 471 Johnson
633 436 725 472 Tho.
753 436 916 483 Rockley
941 436 1033 473 Tho.
1060 436 1153 472 carr
1176 435 1318 472 Jacobo
1344 436 1530 473 Howland
1559 436 1670 473 Leon.
1698 436 1895 484 Sheppard

440 494 633 530 Theodoro
650 495 795 531 Beacon
814 494 905 531 Rob.
926 495 1078 542 Rayner
1093 495 1118 531 J
1120 507 1152 531 o.
1172 494 1291 531 Forde
1308 495 1372 531 W⁰
1390 495 1551 532 Halsted
1569 495 1721 542 Hugoni
1739 495 1896 532 Lawson

440 552 603 589 Roberto
630 553 764 589 Birche
789 553 974 590 Edwardo
997 554 1233 590 Wouuaston
1260 554 1387 590 Oesari
1409 553 1602 602 Walpoole
1625 555 1717 592 Tho.
1743 554 1896 591 Prowde

438 612 529 648 Tho.
550 613 665 660 Hayll
681 616 720 649 et
738 613 872 649 Bened.
892 613 1097 661 Atkynson

343 671 400 706 Ex
416 671 568 717 collegio
585 671 727 707 Christi
791 671 826 708 (1.
855 671 946 707 Tho.
976 671 1169 708 Bradocke
1195 671 1309 707 Anto.
1338 672 1477 708 Warde
1504 673 1527 708 J
1530 684 1562 708 o.
1592 672 1707 709 Cowll
1735 672 1895 709 R-icardo

438 730 617 766 Dreamer
639 730 837 778 Radulpho
860 731 1030 767 Hawden
1054 731 1117 768 W⁰
1140 731 1330 768 Laui-enee
1353 732 1443 767 Tho.
1469 731 1643 768 Atterbie
1667 732 1764 768 Hen.
1784 732 1895 768 Fawx

437 789 502 825 W⁰
518 789 719 837 Atkynson
738 790 860 826 David
877 790 1058 827 Robertes
1073 791 1098 827 J
1100 803 1132 828 ο.
1152 791 1275 827 Reeve
1294 791 1389 827 Hen.
1410 791 1564 827 Fawcus

343 849 399 884 Ex
416 849 569 896 collegio
598 849 773 896 Corporis
802 850 945 886 Christi
1009 850 1068 887 Jo.
1098 850 1254 897 Temple
1284 850 1443 886 Rieardo
1470 850 1619 886 Brabon
1646 850 1670 887 J
1672 862 1703 887 o.
1736 850 1892 886 Browne

439 908 597 946 Ricardo
630 908 784 955 Gybson
818 908 994 945 Christos.
1029 908 1152 945 Abbis
1189 909 1281 945 Tho.
1318 909 1463 957 Han-ys
1502 909 1685 945 Nicholao
1723 909 1818 945 Bate
1856 912 1896 945 et

439 968 599 1004 Ricardo
624 969 756 1004 Foster

345 1027 402 1062 Ex
426 1026 578 1073 collegio
603 1027 646 1063 G.
673 1030 713 1063 et
738 1026 819 1063 Caii
881 1026 1046 1064 Roberto
1071 1027 1235 1063 Kendall
1259 1027 1404 1064 Simoni
1429 1027 1611 1064 Sherrard
1636 1028 1727 1064 Tho.
1756 1028 1894 1064 Howse

441 1085 640 1133 Ranulpho
665 1086 802 1134 Catlyn
828 1086 921 1122 Rob.
947 1086 1064 1134 Fryer
1088 1086 1112 1122 J
1114 1098 1146 1122 o.
1174 1086 1261 1123 Ives

345 1145 402 1181 Ex
423 1145 575 1191 collegio
599 1145 768 1192 Regina-li
831 1145 867 1182 d.
891 1146 955 1182 W⁰
978 1145 1183 1192 Lawghton
1207 1145 1384 1182 Christof.
1410 1146 1536 1183 Lewes
1560 1146 1650 1183 Tho.
1676 1146 1895 1193 Stowghton

439 1204 559 1241 mer.
578 1204 767 1240 Atherton
785 1207 824 1240 et
841 1205 1007 1241 Samueli
1024 1204 1151 1241 Wrest

347 1264 403 1299 Ex
420 1264 506 1299 aula
524 1263 668 1300 Pembr.
735 1264 770 1300 d.
789 1264 958 1300 Antonio
975 1264 1132 1305 Watson
1149 1267 1188 1300 et
1205 1264 1371 1301 Samueli
1388 1264 1482 1300 Farr

345 1324 403 1359 Ex
419 1322 572 1369 collegio
588 1323 682 1359 Jesu
745 1322 781 1360 d.
811 1323 986 1359 Michaeli
1010 1323 1228 1370 Murgetrod
1251 1323 1314 1360 W⁰
1337 1323 1472 1371 Kynge
1496 1323 1558 1359 W⁰
1581 1323 1721 1370 Rogers
1743 1327 1783 1359 et
1803 1323 1894 1359 Tho.

439 1383 634 1430 Gascoyne

344 1443 402 1478 Ex
418 1442 570 1488 collegio
588 1441 711 1489 Magd.
777 1441 815 1479 d.
834 1441 859 1478 J
861 1453 893 1479 0.
911 1441 1055 1489 Ashley
1071 1441 1095 1477 J
1097 1453 1129 1477 o.
1148 1441 1294 1489 Tylney
1309 1442 1373 1479 W⁰
1389 1442 1413 1478 J
1415 1454 1505 1478 ones
1522 1445 1561 1478 et
1578 1442 1681 1489 Step.
1703 1442 1817 1478 Snatt

343 1502 401 1538 Ex
417 1501 504 1538 aula
521 1501 629 1538 Clare
691 1500 728 1538 d.
749 1500 773 1537 J
776 1513 807 1537 ο.
826 1500 959 1537 Ουτοι·
974 1500 1122 1536 Adamo
1139 1500 1314 1537 Fowrnes
1331 1501 1394 1538 W⁰
1415 1501 1611 1548 Pickering
1633 1505 1672 1537 et
1693 1501 1756 1537 W⁰
1778 1501 1895 1538 Wild·

438 1573 528 1597 man
1095 1575 1099 1579 ·

345 1621 400 1656 Ex
418 1620 528 1656 domo
545 1619 623 1656 divi
642 1619 742 1655 Petri
806 1618 841 1655 d.
861 1619 994 1656 Gwalt.
1013 1619 1107 1655 Farr
1122 1624 1162 1655 et
1178 1618 1243 1655 W⁰
1259 1617 1449 1655 Farbeeke

346 1681 401 1716 Ex
422 1679 574 1726 collegio
595 1679 724 1726 Regali
788 1678 941 1715 domino
966 1678 1140 1726 Philippo
1162 1678 1308 1715 Ansam
1330 1681 1370 1715 et
1391 1678 1414 1714 J
1418 1690 1448 1714 o.
1474 1677 1609 1714 Clarke
1631 1678 1771 1725 quibus
1793 1678 1898 1715 nulla

439 1740 560 1787 petita
575 1742 644 1775 aut
661 1750 836 1775 concessa
851 1739 972 1786 gratia
988 1750 1055 1786 per
1070 1738 1358 1775 vniuersitatem

347 1800 458 1835 Mem.
476 1800 576 1846 quod
596 1798 710 1835 Nath.
731 1798 864 1834 Knoxe
880 1801 968 1835 ante
985 1798 1138 1835 comitia
1155 1798 1256 1835 viam
1273 1798 1446 1835 vniuerse
1462 1798 1586 1834 carnis
1607 1798 1796 1845 ingressus
1813 1802 1872 1834 est

345 1859 573 1895 Conceditur
590 1861 636 1894 20
654 1858 744 1894 Maii
762 1858 942 1905 magistro
960 1858 1158 1894 Francisco
1176 1858 1393 1905 Baryngton
1416 1858 1599 1904 armigero
1623 1857 1700 1893 filio
1723 1857 1838 1895 nobili
1861 1861 1900 1896 et

441 1917 566 1954 heredi
597 1916 886 1953 honoratissime
915 1917 1064 1953 feminee
1093 1916 1246 1953 domine
1271 1916 1476 1953 Winifrede
1503 1916 1707 1964 Hastinges
1732 1920 1773 1954 vt
1799 1920 1898 1964 post-

440 1989 555 2025 quam
588 1977 793 2013 solenniter
825 1976 1031 2024 productus
1065 1976 1176 2013 fidem
1216 1977 1407 2013 academie
1444 1976 1591 2013 dederit
1623 1978 1820 2024 cooptetur
1858 1977 1899 2013 in

441 2048 639 2074 numerum
665 2040 704 2073 et
728 2036 895 2072 ordinem
923 2036 1188 2083 magistrorum
1214 2036 1354 2073 artium

915 2251 1033 2294 Ordo
1063 2251 1330 2294 seuioritatis

346 2385 528 2422 Ilowland
625 2386 647 2421 J
651 2399 682 2423 o.
862 2387 995 2424 can-tm·
1143 2388 1239 2426 Olar.
1381 2387 1536 2435 Temple
1663 2388 1771 2437 Coi-p.
1782 2389 1869 2428 Chr.

344 2444 437 2481 Far-1·
630 2445 706 2481 Pet.
864 2446 1055 2493 Walpoolo
1144 2446 1167 2483 J
1171 2458 1202 2483 o.
1383 2446 1509 2483 Wrest
1666 2447 1805 2494 Regino

342 2503 475 2551 'rilnoy
628 2504 663 2540 M
668 2504 750 2550 agd.
864 2505 949 2541 Oatl
951 2517 1002 2552 yn
1147 2506 1191 2542 G.
1210 2506 1240 2542 δι
1258 2506 1298 2542 C.
1384 2504 1573 2542 Farbeoke
1668 2506 1764 2542 Petr.

346 2562 484 2599 Nolnon
624 2563 646 2599 J
650 2577 681 2599 o.
864 2564 1012 2601 Mon-en
1142 2565 1165 2601 J
1169 2578 1200 2603 0.
1381 2564 1515 2601 Birohe
1663 2565 1686 2601 J
1690 2577 1721 2602 o.

343 2622 555 2668 swughton
630 2622 766 2669 Regino
863 2624 1023 2660 Atei-mn
1144 2623 1285 2671 Regino
1382 2624 1518 2661 Howse
1661 2624 1704 2662 G.
1724 2624 1755 2662 &
1772 2624 1813 2662 O.

348 2681 380 2717 11
385 2680 436 2728 yll
628 2681 686 2719 Jo,
868 2681 986 2719 Fordo
1147 2682 1170 2719 J
1174 2695 1204 2719 o.
1388 2682 1573 2719 Kirkland
1665 2683 1688 2720 J
1692 2695 1724 2720 0.

348 2740 491 2776 Boacon
627 2740 648 2776 J
654 2754 684 2776 0.
865 2741 982 2789 'l‘yrer
1146 2741 1221 2780 Tri.
1384 2741 1573 2779 Wildman
1666 2742 1743 2779 Cla.

348 2798 538 2835 wolsumm
625 2799 647 2834 J
651 2812 682 2836 0.
862 2801 955 2836 Uarr
1144 2800 1202 2838 Jo.
1384 2801 1523 2848 Rogem
1663 2801 1686 2838 J
1689 2812 1756 2838 esu

348 2857 520 2909 Wntnon'
863 2858 1055 2895 'rokeseild
1147 2858 1221 2895 Tri.
1384 2859 1422 2895 M
1427 2858 1601 2906 urgetrod
1664 2858 1688 2896 J
1691 2870 1731 2895 es

630 2885 753 2924 Penni).

349 2915 439 2952 Fum-
512 2910 524 2958 ί
863 2916 1032 2952 Johnson
1107 2953 1111 2958 ,
1145 2916 1202 2954 Jo.
1384 2916 1575 2955 Bradouke
1665 2886 1751 2956 Chi.
