2008 3216
301 254 305 258 ⁵
370 197 455 240 198
969 207 1120 240 emon
1150 207 1274 240 Boox
1304 208 1335 240 Δ
1695 198 1917 254 [1565-66

205 475 233 513 f·
256 474 305 514 87
327 488 351 513 ⁸
612 483 776 526 Gratiae
808 482 925 525 varie
958 483 1124 525 nullam
1155 489 1467 527 concernentes
1498 483 1678 526 formam

368 607 596 645 Conceditur
619 612 663 645 14
684 609 904 646 Decembris
926 610 1108 657 magistro
1131 611 1192 647 W⁰
1214 611 1364 647 Palmer
1385 613 1428 647 vt
1450 610 1502 647 sit
1523 622 1622 647 vnus
1643 621 1688 646 ex
1710 608 1815 656 xijcim
1835 619 1917 655 pre-

462 667 693 704 dicatoribus
714 669 785 705 hoc
804 680 904 704 anno
924 680 991 716 per
1010 668 1242 705 academiam
1264 669 1486 705 emittendis
1507 672 1547 706 et
1569 680 1682 716 super
1699 669 1770 704 hac
1792 669 1918 704 vestra

462 728 699 764 concessione
714 728 844 764 literas
859 727 1000 764 habeat
1016 727 1234 775 obsignatas
1251 728 1373 775 sigillo
1389 731 1516 765 vestro
1532 728 1722 764 communi

369 784 511 821 Eadem
534 787 658 833 gratia
682 786 900 823 conceditur
924 786 1054 823 eodem
1080 786 1258 824 Christos.
1286 787 1430 835 Lynley
1453 787 1512 825 Jo.
1538 786 1752 824 Woulward
1776 785 1919 822 Thome

463 844 660 892 Chapman
683 846 722 882 in
745 845 892 882 artibus
914 846 1105 893 magistris
1127 850 1167 882 et
1189 847 1320 884 Franc.
1347 847 1588 894 Dorryngton
1610 857 1715 882 sacre
1734 844 1918 891 theologie

463 901 711 940 bachalaureo

370 959 513 996 Eadem
529 963 651 1008 gratia
667 963 887 1000 conceditur
901 964 1005 1000 xxix⁰
1022 964 1152 1000 Martii
1176 964 1360 1001 Nicholao
1382 964 1539 1001 Browne
1562 963 1728 1000 Martino
1751 962 1918 1010 Parkyn-

464 1032 533 1056 son
556 1022 593 1057 in
620 1022 768 1059 artibus
788 1023 980 1070 magistris
1001 1025 1041 1059 et
1062 1023 1086 1059 J
1088 1035 1120 1059 o.
1145 1023 1314 1071 Twydall
1338 1035 1442 1060 sacre
1463 1023 1649 1070 theologie
1670 1021 1918 1058 bachalaureo

465 1080 518 1114 v‘0
542 1079 686 1126 Aprilis
712 1080 876 1117 Roberto
900 1081 1010 1117 West
1034 1081 1074 1117 in
1098 1081 1247 1118 artibus
1272 1082 1452 1129 magistro
1515 1081 1598 1128 iijtio
1623 1081 1715 1117 Maii
1740 1079 1919 1126 magistro

465 1138 622 1185 Rogerio
649 1140 768 1176 Kelke
793 1152 898 1176 sacre
921 1140 1107 1188 theologie
1129 1142 1329 1188 professori
1351 1141 1517 1178 Johanni
1539 1141 1681 1189 Wellys
1706 1141 1747 1176 in
1772 1138 1919 1176 artibus

462 1198 643 1244 magistro
690 1202 731 1235 et
747 1206 786 1235 x⁰
802 1200 826 1236 J
829 1200 909 1236 unii
925 1200 950 1236 J
953 1200 1092 1236 ohanni
1111 1200 1346 1248 Wightgyfte
1362 1204 1402 1238 et
1415 1201 1478 1238 W⁰
1491 1201 1607 1248 Paget
1618 1211 1723 1237 sacre
1734 1198 1919 1245 theologie

462 1255 709 1294 bachalaureo

368 1313 596 1352 Conceditur
622 1319 665 1352 15
692 1316 886 1354 Februarii
914 1316 1079 1354 Roberto
1108 1318 1132 1354 J
1134 1330 1251 1354 onson
1278 1318 1318 1354 in
1343 1318 1491 1355 artibus
1512 1318 1693 1365 magistro
1715 1319 1758 1353 vt
1779 1315 1919 1353 habeat

462 1373 592 1410 literas
607 1375 745 1422 gradus
761 1378 800 1412 et
816 1376 1114 1412 conversationis
1131 1388 1198 1413 sue
1214 1376 1432 1424 obsignatas
1447 1376 1569 1423 sigillo
1585 1378 1710 1413 vestro
1726 1375 1918 1412 communi

368 1431 511 1468 Eadem
535 1434 657 1479 gratia
680 1434 898 1470 conceditur
921 1435 1015 1482 xvij⁰
1040 1435 1132 1471 Maii
1156 1435 1334 1483 Cipriano
1356 1435 1493 1472 Valera
1516 1435 1688 1483 Hispano
1710 1435 1749 1470 in
1772 1433 1918 1470 artibus

463 1491 643 1537 magistro
1381 1520 1383 1523 v

368 1548 598 1587 Conceditur
632 1553 678 1587 14
707 1551 927 1588 Decembris
956 1554 1000 1588 vt
1027 1552 1214 1589 terminus
1242 1552 1354 1589 hodie
1382 1552 1612 1589 dissolvatur
1640 1563 1714 1588 non
1743 1551 1920 1587 obstante

462 1613 611 1646 statuto

368 1667 597 1705 Conceditur
616 1669 746 1706 eodem
767 1670 946 1717 quoniam
969 1671 1050 1707 dies
1069 1670 1320 1719 disputabiles
1336 1683 1404 1718 per
1420 1673 1612 1707 statutum
1629 1682 1704 1707 non
1724 1669 1918 1706 sufficiunt

462 1727 702 1765 multitudini
734 1728 1068 1766 bachalaureorum
1097 1730 1137 1766 in
1165 1729 1313 1767 artibus
1341 1730 1455 1766 huius
1483 1730 1574 1766 anni
1603 1732 1646 1766 vt
1674 1728 1809 1776 reliqui
1837 1727 1918 1764 dies

461 1799 536 1823 non
553 1787 803 1835 disputabiles
819 1800 889 1836 pro
905 1788 1202 1836 disputabilibus
1224 1791 1450 1826 censeantur
1471 1792 1510 1825 et
1531 1787 1743 1824 habeantur
1761 1786 1916 1824 eiisdem

460 1844 718 1883 bachalaureis
741 1858 817 1883 non
841 1846 1020 1884 obstante
1036 1850 1185 1884 statuto
1201 1859 1246 1884 ea
1262 1851 1393 1884 tamen
1409 1847 1628 1884 condicione
1645 1851 1688 1883 vt
1703 1846 1743 1883 in
1760 1845 1915 1882 eiisdem

460 1904 785 1952 disputationibus
808 1908 956 1943 statuta
977 1906 1080 1943 edita
1096 1918 1211 1954 super
1226 1905 1550 1954 disputationibus
1566 1905 1835 1954 philosophicis
1851 1915 1918 1952 per

460 1964 588 2000 omnia
610 1963 857 2002 observentur
876 1965 1045 2013 alioquin
1068 1965 1176 2002 irrita
1197 1965 1250 2002 sit
1271 1976 1401 2002 eorum
1423 1964 1633 2013 disputatio
1657 1967 1696 2001 et
1720 1976 1788 2012 pro
1812 1963 1917 2000 nulla

459 2021 646 2059 habeatur

365 2080 594 2117 Conceditur
621 2080 751 2118 eodem
774 2085 817 2119 vt
843 2082 1004 2130 pecunia
1027 2082 1191 2120 conflata
1219 2094 1264 2119 ex
1290 2082 1507 2119 venditione
1533 2083 1654 2119 crucis
1683 2082 1804 2130 possit
1831 2093 1914 2129 pro-

459 2140 721 2188 portionaliter
744 2140 920 2179 distribui
943 2142 1103 2190 singulis
1125 2141 1290 2189 collegiis
1312 2153 1386 2189 que
1410 2145 1664 2189 exposuerunt
1689 2140 1845 2178 eandem
1873 2144 1916 2177 vt

458 2197 658 2246 apparebit
685 2210 730 2236 ex
759 2199 867 2237 libris
898 2200 1148 2237 rationalibus
1177 2199 1381 2237 eorundem
1405 2199 1646 2247 collegiorum
1670 2211 1738 2247 per
1761 2210 1824 2236 eos
1848 2198 1914 2246 qui

457 2257 616 2295 eandem
641 2269 790 2295 crucem
815 2259 1069 2296 vendiderunt

363 2316 591 2354 Conceditur
611 2321 653 2354 1⁶
672 2317 865 2355 Februarii
883 2321 925 2356 vt
940 2318 1022 2356 dies
1039 2319 1144 2356 Lune
1160 2322 1200 2356 et
1225 2318 1362 2355 Martis
1379 2318 1418 2355 in
1436 2317 1661 2355 hebdomida
1678 2316 1914 2365 carnisprivii

458 2387 533 2413 non
559 2377 638 2413 sint
663 2376 914 2425 disputabiles
943 2390 1019 2415 non
1048 2377 1225 2415 obstante
1254 2379 1401 2415 statuto
1429 2376 1495 2414 sed
1524 2388 1591 2424 pro
1617 2375 1913 2424 disputabilibus

458 2434 670 2472 habeantur
686 2439 766 2473 tam
783 2436 831 2473 ad
850 2438 1051 2485 magistros
1067 2449 1182 2485 quam
1199 2437 1248 2474 ad
1266 2436 1430 2474 bedellos

362 2492 591 2531 Conceditur
616 2494 698 2543 iijsso
728 2495 819 2532 Maii
849 2499 892 2533 vt
921 2496 1074 2533 licentia
1102 2495 1349 2533 concionandi
1384 2495 1565 2542 magistro
1600 2493 1857 2531 Sherbroucke
1889 2505 1912 2531 a

457 2553 564 2590 vobis
586 2566 762 2591 concessa
784 2554 905 2592 eidem
927 2558 1052 2593 vestra
1067 2556 1295 2593 auctoritate
1311 2554 1514 2602 abrogetur
1529 2553 1709 2601 quoniam
1725 2553 1855 2590 eadem
1872 2552 1911 2589 in

454 2612 645 2649 acmlemie
661 2612 823 2650 dedecus
838 2617 879 2651 et
895 2616 1105 2652 ceterorum
1121 2615 1428 2652 concionatorum
1446 2612 1715 2650 contumeliam
1728 2612 1911 2660 superiori

454 2670 516 2707 die
532 2670 720 2709 dominico
736 2672 924 2721 plerisque
941 2677 1109 2711 vestrum
1127 2674 1365 2723 presentibus
1382 2673 1522 2710 abvsus
1538 2677 1596 2709 est

362 2728 590 2766 Conceditur
606 2729 698 2777 xvij⁰
716 2730 807 2768 Maii
826 2735 868 2769 vt
883 2732 1141 2780 oppositiones
1163 2731 1211 2771 ad
1234 2744 1329 2781 quos
1352 2735 1504 2769 tenetur
1526 2730 1706 2778 magister
1727 2729 1912 2767 Gardiner

457 2789 601 2825 ratione
617 2788 755 2836 gradus
774 2790 833 2827 sui
853 2792 1019 2840 suscepti
1043 2792 1189 2840 possint
1212 2791 1379 2829 converti
1403 2791 1441 2828 in
1465 2794 1629 2838 quatuor
1650 2801 1841 2827 sermones
1863 2789 1911 2826 ad

458 2846 637 2894 populum
654 2851 694 2884 et
712 2851 754 2884 vt
770 2848 995 2897 respoudeat
1012 2850 1050 2886 in
1068 2850 1129 2887 die
1147 2850 1283 2887 Martis
1301 2850 1470 2897 proximo

364 2904 503 2941 Eadem
520 2906 642 2951 gratia
658 2906 876 2944 conceditur
893 2907 952 2956 xri
970 2907 993 2945 J
998 2908 1076 2945 unii
1096 2909 1275 2956 magistro
1293 2908 1477 2945 Dethicke
