2046 3224
157 181 376 235 1549-50]
739 189 890 222 omos:
921 190 1044 221 BOOK
1076 190 1106 221 Δ
1647 181 1701 221 65

153 294 251 332 Item
279 294 496 331 conceditur
525 293 709 330 Richardo
738 293 930 341 Raynolde
960 296 1002 329 vt
1033 295 1076 329 12
1106 292 1258 329 termini
1288 292 1327 328 in
1356 291 1495 339 quibus
1524 291 1704 328 lectiones
1722 290 1748 329 f.
1772 290 1821 330 27
1842 303 1868 327 a.

247 353 453 390 ordinarias
476 352 624 389 audiuit
648 352 737 389 licet
761 364 836 388 non
860 351 1013 388 omnino
1037 350 1244 388 secundum
1269 351 1429 387 formam
1454 351 1591 386 statuti
1616 363 1703 387 cum

246 410 544 459 oppositionibus
560 414 599 447 et
615 410 919 458 responsionibus
941 409 1134 457 requisitis
1151 409 1340 446 sufficiant
1361 409 1395 446 ei
1413 408 1461 445 ad
1479 409 1703 457 responden·

246 471 337 507 dum
354 470 543 518 questioni

152 530 294 566 Eadem
310 530 431 577 gratia
446 529 493 566 de
509 528 621 566 verbo
642 529 680 565 in
698 528 853 565 verbum
876 527 1093 565 conceditur
1109 527 1272 565 Gabrieli
1290 527 1486 564 Goodman
1509 531 1548 564 et
1564 527 1587 563 J
1590 528 1702 564 oanni

247 589 401 626 Boswell

153 646 251 683 Item
279 645 496 682 conceditur
523 645 710 682 Gulielmo
739 645 977 693 Stephanson
1007 648 1050 681 vt
1081 645 1278 682 duodecim
1308 644 1459 681 termini
1494 644 1532 680 in
1565 643 1704 691 quibus

246 704 452 741 ordinarias
469 704 647 740 lectiones
669 703 817 740 audiuit
839 715 905 752 per
927 703 1106 740 maiorem
1130 707 1275 751 partem
1299 703 1338 740 in
1356 706 1438 739 toto
1454 714 1540 739 cum
1557 703 1703 751 opposi-

246 763 412 800 tionibus
440 766 479 800 et
507 762 810 812 responsionibus
838 763 1029 811 requisitis
1057 764 1247 800 sufficiant
1270 763 1304 799 ci
1329 762 1377 799 ad
1402 762 1703 810 respondendum

245 822 434 870 questioni

154 881 251 918 Item
269 881 484 918 conceditur
499 880 638 917 Joanni
657 881 768 928 Maye
784 883 827 916 vt
846 883 889 917 12
912 880 1064 917 termini
1083 880 1120 917 in
1144 880 1283 928 quibus
1303 880 1481 917 lectiones
1497 880 1705 917 ordinarias

245 939 393 977 audiuit
424 940 512 977 licet
544 952 618 977 non
651 941 804 977 omnino
836 940 1042 977 secundum
1075 941 1234 977 formam
1268 940 1405 977 statuti
1438 952 1525 977 cum
1558 940 1703 988 opposi-

245 999 412 1036 tionibus
440 1003 479 1036 et
506 999 810 1048 responsionibus
838 1000 1031 1047 requisitis
1055 1000 1244 1037 sufficiant
1268 1000 1302 1036 ei
1327 1000 1376 1036 ad
1401 1000 1703 1048 respondendum

244 1059 431 1106 questioni

151 1117 292 1154 Eadem
320 1118 440 1165 gratia
467 1117 514 1154 de
543 1117 655 1154 verbo
683 1117 722 1154 in
753 1116 909 1154 verbum
935 1117 1153 1154 conceditur
1182 1117 1325 1154 Thome
1350 1118 1468 1155 Burre
1495 1121 1536 1154 et
1563 1117 1704 1155 Jacobo

247 1176 382 1224 Tayler

152 1236 250 1273 Item
279 1235 495 1273 conceditur
523 1236 686 1272 Roberto
716 1236 919 1273 Banestero
949 1239 991 1273 vt
1021 1239 1064 1273 12
1093 1235 1245 1272 termini
1271 1236 1309 1272 in
1334 1235 1474 1283 quibus
1498 1236 1705 1273 ordinarias

245 1294 422 1331 lectiones
442 1294 590 1332 audiuit
612 1306 680 1342 per
700 1295 879 1331 maiorem
903 1298 1047 1342 partem
1071 1294 1109 1330 in
1134 1296 1215 1330 toto
1237 1306 1323 1331 cum
1346 1294 1646 1342 oppositionibus
1665 1297 1705 1331 et

244 1353 546 1402 responsionibus
562 1354 755 1401 requisitis
770 1354 960 1391 sufficiant
976 1354 1009 1390 ei
1026 1353 1074 1390 ad
1091 1352 1390 1401 respondendum
1407 1354 1595 1401 questioni

153 1413 251 1450 Item
279 1413 496 1450 conceditur
523 1413 723 1450 Francisco
755 1413 915 1450 Newton
945 1416 987 1449 vt
1022 1415 1066 1448 12
1098 1412 1250 1448 termini
1284 1412 1323 1448 in
1355 1411 1495 1459 quibus
1527 1412 1704 1449 lectiones

245 1472 452 1510 ordinarias
468 1472 616 1510 audiuit
632 1485 698 1520 per
714 1472 893 1509 maiorem
910 1475 1056 1519 partem
1073 1471 1274 1508 cuiuslibet
1290 1471 1442 1508 termini
1458 1483 1545 1508 cum
1558 1472 1703 1519 opposi-

246 1531 412 1568 tionibus
439 1534 478 1568 et
506 1531 808 1580 responsionibus
837 1531 1028 1579 requisitis
1056 1531 1244 1567 sufficiant
1272 1530 1306 1566 ei
1330 1530 1378 1567 ad
1403 1530 1703 1578 respondendum

245 1590 434 1638 questioni

152 1648 293 1686 Eadem
317 1649 438 1696 gratia
461 1649 508 1686 de
530 1649 643 1686 verbo
667 1650 706 1686 in
729 1649 885 1686 verbum
909 1648 1126 1685 conceditur
1153 1648 1338 1685 Richardo
1360 1648 1512 1685 Walker
1536 1648 1704 1685 Antonio

246 1707 385 1755 Elyson
402 1709 442 1742 et
458 1706 601 1743 Thome
617 1706 641 1742 J
643 1707 754 1745 effera

152 1765 250 1802 Item
275 1765 492 1802 conceditur
516 1764 702 1801 Richardo
728 1765 877 1812 Thorpe
902 1767 944 1801 vt
968 1764 1096 1800 decem
1121 1764 1275 1800 termini
1301 1764 1340 1800 in
1364 1764 1504 1811 quibus
1528 1764 1705 1801 lectiones

245 1823 452 1860 cidinarias
475 1823 625 1860 audiuit
649 1823 737 1860 licet
762 1835 835 1860 non
861 1823 1015 1859 omnino
1038 1822 1243 1859 secundum
1270 1822 1428 1859 formam
1454 1823 1591 1860 statuti
1617 1834 1703 1860 cum

245 1881 544 1930 oppositionibus
572 1887 611 1919 et
640 1881 946 1930 responsionibus
973 1882 1166 1929 requisitis
1194 1882 1384 1918 sufficiant
1407 1882 1441 1918 ei
1470 1882 1518 1918 ad
1543 1882 1706 1919 finaliter

244 1940 573 1978 determinandum
590 1952 677 1977 cum
700 1940 834 1977 ceteris
851 1940 964 1977 huius
986 1941 1076 1976 anni
1099 1940 1376 1977 bacchalaureis
1426 1941 1487 1977 Ita
1505 1940 1607 1988 quod
1623 1941 1704 1978 eius

245 2001 406 2038 eruditio
433 2001 539 2049 prius
570 2001 806 2037 examinetur
837 2003 876 2036 et
907 2000 1137 2048 approbetur
1169 2012 1236 2048 per
1264 2001 1465 2047 magistros
1497 2001 1633 2048 'rayler
1664 2005 1704 2038 et

246 2060 436 2097 Barnarde

153 2119 471 2157 Determinatores
492 2118 637 2166 collegii
662 2118 810 2166 Regalis
833 2119 903 2155 hoc
925 2130 1025 2155 anno
1046 2118 1189 2155 domini
1214 2119 1318 2167 Daye
1341 2119 1464 2156 Baker
1485 2118 1640 2167 Temple
1664 2125 1704 2156 et

248 2178 394 2216 Carvell
417 2178 556 2225 quibus
580 2190 655 2214 non
679 2180 739 2215 est
762 2178 883 2226 petita
907 2189 1029 2225 neque
1052 2190 1228 2215 concessa
1251 2178 1373 2226 gratia
1388 2182 1457 2215 aut
1473 2178 1704 2227 dispensatio

248 2240 375 2276 Etiam
399 2239 575 2276 domiuus
600 2239 739 2287 Whyte
763 2239 810 2276 de
833 2238 963 2276 eodem
988 2251 1075 2276 cum
1101 2239 1160 2276 bis
1183 2239 1452 2276 determiuauit

262 2967 295 2994 L.
318 2967 370 2995 iv.
1570 2957 1595 2995 5
