2008 3294
153 145 372 202 1582-83]
736 157 887 191 emon
917 158 1040 191 BOOK
1073 157 1103 189 Δ
1612 144 1695 188 367

151 259 292 296 Eadem
313 259 434 306 gratia
455 259 671 296 conceditur
693 261 716 295 8
741 259 833 297 Maii
858 258 1037 306 magistro
1061 258 1086 295 J
1088 270 1119 295 ο.
1145 258 1265 306 Jegon
1332 261 1376 295 18
1402 258 1494 295 Maii
1519 258 1699 305 magistro

244 318 270 355 J
271 330 303 355 0.
322 317 511 355 Beamond
529 318 707 365 magistro
729 314 894 355 Martino
917 317 1002 365 Key
1022 316 1202 364 magistro
1220 317 1362 364 Rogero
1378 316 1502 353 Acrod
1566 316 1699 353 vltimo

246 377 336 414 Maii
361 377 540 424 magistro
563 377 676 415 Alex:
696 377 859 424 Spencer
924 379 968 413 10
989 376 1095 412 Junii
1123 376 1312 423 magistris
1341 376 1452 412 Moisi
1476 375 1617 412 Fowlor
1637 375 1661 411 J
1664 387 1696 413 o.

244 436 415 473 Thacker
426 436 527 474 Edw.
543 436 680 483 Smyth
693 436 836 477 Simoni
850 434 1000 472 Robson
1018 435 1219 471 Laurentio
1234 435 1336 482 Dyos
1386 437 1430 471 16
1443 434 1467 471 J
1470 434 1549 471 unii
1563 434 1697 481 magis-

244 500 304 533 tro
319 496 343 532 J
346 496 484 532 ohanni
502 496 660 532 Swanne
708 499 754 532 29
770 495 794 531 J
798 495 877 531 unii
894 495 1073 542 magistro
1091 493 1249 530 Ricardo
1265 493 1382 530 Ward

149 556 375 592 Conceditur
401 559 446 592 lo
468 556 491 592 J
495 556 574 593 unii
599 556 777 603 magistro
802 555 866 591 W⁰
891 554 1114 591 Pemberton
1140 558 1182 590 vt
1206 553 1376 590 studium
1401 555 1422 591 7
1447 564 1632 588 annorum
1658 552 1695 588 in

243 614 428 661 theologia
445 617 644 662 postquam
662 614 799 651 rexerit
815 614 854 650 in
871 613 1018 649 artibus
1033 625 1120 649 cum
1137 611 1437 660 oppositionibus
1449 611 1696 658 responsioni-

243 673 315 710 bus
331 676 370 710 et
387 685 459 710 vno
475 685 645 710 sermone
661 673 710 709 ad
726 673 908 720 populum
924 672 1086 709 sufficiat
1102 672 1136 708 ei
1153 674 1233 708 tam
1246 671 1294 708 ad
1307 670 1571 719 opponendum
1581 682 1697 718 quam

242 731 291 768 ad
307 731 526 768 intrandum
543 731 582 768 in
600 743 705 768 sacra
722 730 909 777 theologia

630 1034 748 1078 Ordo
777 1034 1045 1077 senioritatis
1076 1050 1212 1091 mary.

428 1172 635 1209 Chambers
826 1172 989 1220 Spencer
1227 1171 1332 1218 Keye

426 1233 451 1269 J
453 1244 545 1279 egon
822 1231 946 1267 Acrod
1226 1230 1417 1266 Beamond

429 1291 545 1327 Ward
823 1289 960 1337 Smyth
1227 1288 1410 1325 Thacster

428 1351 530 1398 Dyos
823 1350 982 1385 Swanne
1230 1347 1371 1384 Fowler

429 1407 579 1444 Robson
826 1406 1048 1443 Pemberton
1279 1408 1323 1441 14

686 1702 897 1745 Doctores
928 1700 1146 1757 theologie

140 1847 365 1884 Conceditur
391 1850 412 1881 5
441 1846 464 1881 J
469 1846 533 1882 ulii
563 1848 654 1881 1582
688 1846 866 1892 magistro
899 1845 1099 1882 Ambrosio
1132 1846 1410 1892 Hetherington
1446 1850 1486 1882 vt
1518 1846 1687 1881 studium

236 1910 282 1943 20
297 1917 481 1942 annorum
499 1905 537 1941 in
554 1917 658 1941 sacra.
675 1905 860 1952 theologia
877 1909 963 1952 post
979 1905 1136 1951 gradum
1154 1905 1486 1941 baochalaureatus
1503 1906 1540 1940 iu
1558 1904 1689 1940 eadem

234 1970 451 2012 susceptum
467 1976 554 2000 cum
572 1977 646 2000 vna
661 1965 837 2001 concione
853 1964 901 2001 ad
919 1965 1099 2012 populum
1116 1968 1155 2001 et
1172 1977 1245 2001 vna.
1267 1964 1505 2012 responsione
1528 1960 1689 2000 sufficiat

234 2027 268 2064 ei
285 2027 333 2063 ad
350 2025 605 2073 incipiendum
622 2026 661 2061 in
678 2025 808 2062 eadem

139 2087 366 2124 Conceditur
394 2089 432 2122 2⁰
458 2085 587 2122 Martii
618 2085 795 2134 magistro
826 2086 936 2122 Petro
964 2085 1096 2122 Shawe
1122 2088 1163 2123 vt
1187 2085 1358 2122 studium
1388 2089 1410 2120 5
1436 2097 1621 2121 annorum
1647 2085 1686 2120 in

234 2146 419 2193 theologia
446 2148 533 2193 post
560 2145 718 2192 gradum
752 2145 1082 2182 bacchalaureatus
1115 2145 1154 2181 in
1187 2145 1317 2181 eadem
1350 2148 1567 2192 susceptum
1599 2156 1686 2180 cum

233 2204 533 2253 opposicionibus
565 2204 871 2252 responsionibus
903 2207 942 2240 et
974 2204 1059 2240 aliis
1091 2204 1278 2240 exercitiis
1311 2216 1377 2251 per
1408 2206 1555 2240 statuta
1586 2203 1686 2250 regia

233 2264 426 2312 requisitis
450 2263 612 2300 sufficiat
637 2264 671 2300 ei
696 2263 744 2300 ad
770 2264 1025 2311 incipiendum
1051 2263 1090 2299 in
1114 2275 1219 2299 sacra
1244 2263 1430 2310 theologia

140 2323 281 2360 Eadem
297 2323 418 2370 gratia
433 2323 649 2359 conceditur
668 2326 712 2359 13
730 2323 858 2360 Martii
877 2323 1055 2370 magistro
1071 2323 1188 2359 Auth.
1205 2322 1316 2359 Rudd
1364 2326 1387 2359 8
1401 2323 1492 2359 Maii
1506 2322 1685 2369 magistro

234 2382 421 2420 Willelmo
439 2382 594 2429 Morgan
643 2384 690 2418 26
706 2382 729 2418 J
733 2381 812 2418 unii
829 2382 1009 2428 magistro
1027 2382 1190 2418 Roberto
1209 2382 1353 2419 Benuet

139 2441 364 2478 Conceditur
381 2444 425 2477 22
444 2441 571 2477 Martii
589 2441 768 2488 magistro
783 2441 807 2477 J
810 2454 842 2477 o.
859 2441 998 2477 Parker
1010 2441 1291 2478 Archideacono
1306 2442 1446 2478 Eliensi
1460 2444 1502 2477 vt
1514 2441 1683 2477 studium

233 2503 280 2536 20
312 2511 494 2536 annorum
523 2500 562 2536 in
591 2500 776 2547 theologia
801 2504 1003 2547 postquam
1029 2501 1167 2536 rexerit
1192 2501 1231 2537 in
1256 2500 1403 2537 artibus
1427 2513 1513 2537 cum
1537 2500 1684 2537 duobus

231 2557 465 2594 sermonibus
482 2569 554 2593 vno
572 2558 620 2594 ad
639 2558 780 2594 clerum
803 2561 842 2594 et
863 2558 981 2594 altero
1002 2558 1050 2594 ad
1071 2558 1252 2605 populum
1274 2558 1311 2594 in
1333 2558 1522 2595 academie
1543 2558 1684 2605 templo

232 2616 393 2653 sufficiat
409 2617 443 2653 ei
459 2616 507 2653 ad
525 2617 778 2664 incipiendum
794 2617 833 2653 in
851 2629 956 2653 sacra
972 2617 1157 2664 theologia¹

138 2675 364 2712 Conceditur
387 2678 431 2712 18
456 2676 547 2712 Maii
569 2677 749 2724 magistro
771 2677 794 2712 J
797 2689 830 2714 o.
854 2676 1036 2712 Handson
1054 2688 1131 2713 sen.
1150 2679 1192 2712 vt
1212 2675 1383 2712 studium
1401 2679 1422 2711 5
1439 2687 1624 2711 annorum
1643 2676 1680 2712 in

232 2734 418 2781 theologia
438 2738 525 2781 post
543 2735 700 2782 gradum
723 2735 1054 2771 bacchalaureatus
1076 2737 1135 2771 etc
1157 2746 1243 2770 cum
1267 2746 1341 2770 vna
1365 2735 1602 2781 responsione
1623 2735 1681 2781 vel

233 2805 402 2830 sermone
418 2793 466 2830 ad
484 2794 623 2830 clerum
641 2796 680 2830 et
697 2806 770 2830 vno
778 2794 834 2834 >ad
855 2794 1035 2841 populum
1056 2794 1219 2830 sufficiat
1237 2795 1271 2830 ei
1291 2793 1339 2830 ad
1363 2793 1618 2841 incipiendum
1642 2794 1679 2830 in

231 2851 416 2898 theologia
