2002 3236
307 143 363 184 24
886 155 1038 187 GRAcs
1068 155 1190 187 Boon
1223 156 1252 187 Δ
1632 145 1854 201 [1544-45

400 258 547 303 partem
566 256 606 292 in
626 259 708 292 toto
732 268 819 293 cum
838 257 987 293 duabus
1010 257 1316 304 responsionibus
1334 260 1373 294 et
1392 270 1468 295 vna
1486 258 1692 295 variatione
1712 258 1751 294 in
1771 269 1854 305 pro-

401 314 484 361 pria
509 326 669 361 persona
696 315 866 362 proximo
890 327 990 352 anno
1016 315 1190 352 habenda
1213 316 1285 353 sub
1308 328 1406 364 pena
1433 317 1641 354 amittendo
1670 317 1857 353 cautionis

401 385 473 409 xxs
497 373 659 409 sufficiat
682 374 716 409 ei
740 374 788 410 ad
813 374 1069 421 incipiendum
1093 375 1132 410 in
1157 374 1304 411 artibus

307 430 407 466 Item
433 431 652 467 conceditur
674 431 828 468 domino
852 432 1044 468 Assheton
1073 436 1116 468 vt
1144 445 1279 469 novem
1307 434 1459 470 termini
1485 438 1571 482 post
1600 434 1750 471 finalem
1774 435 1855 470 eius

399 490 751 528 determinationem
784 492 823 527 in
856 491 995 538 quibus
1026 492 1205 528 lectiones
1239 492 1446 529 ordinarias
1477 493 1626 530 audiuit
1658 493 1747 530 licet
1779 505 1854 529 non

399 549 552 585 omnino
568 549 774 586 secundum
791 550 950 586 formam
975 550 1112 586 statuti
1134 562 1221 587 cum
1237 550 1359 587 tribus
1375 551 1678 599 responsionibus
1694 551 1856 588 sufficiat

400 607 435 643 ei
459 607 507 643 ad
534 607 790 655 incipiendum
817 608 857 643 in
882 608 1028 645 artibus

306 665 448 702 Eadem
475 667 597 713 gratia
624 667 672 703 de
699 667 813 703 verbo
841 667 881 703 in
911 666 1066 704 verbum
1095 668 1313 705 conceditur
1342 669 1506 706 dominis
1538 670 1664 717 Ropar
1692 670 1852 706 Dawson

401 727 441 760 et
465 725 638 761 Stawkar

307 782 406 819 Item
429 783 646 820 conceditur
667 784 819 820 domino
842 783 1033 820 Barnarde
1049 787 1093 821 vt
1117 787 1161 821 12
1184 785 1337 822 termini
1359 788 1446 833 post
1467 787 1616 823 finalem
1637 787 1718 823 eius
1733 787 1854 824 deter—

401 842 648 877 minationem
671 841 711 877 in
733 840 872 888 quibus
894 841 1072 878 lectiones
1092 842 1300 879 ordinarias
1321 842 1470 879 audiuit
1494 844 1582 880 licet
1604 856 1679 880 non
1702 845 1855 881 omnino

400 898 607 935 secundum
631 899 791 936 formam
809 900 947 935 statuti
972 911 1058 936 cum
1081 899 1205 936 tribus
1228 901 1534 948 responsionibus
1549 902 1736 939 stfficiant
1753 903 1786 939 ei
1806 902 1855 938 ad

400 959 655 1006 incipiendum
673 959 714 995 in
731 958 877 995 artibus

306 1017 406 1054 Item
422 1017 641 1054 conceditur
663 1017 876 1054 Damaseno
899 1017 995 1054 Dalo
1013 1021 1055 1054 vt
1077 1019 1246 1055 studium
1269 1019 1397 1056 decem
1416 1032 1601 1057 annorum
1624 1021 1663 1057 in
1683 1021 1754 1057 hac
1777 1021 1857 1058 vni-

399 1077 580 1113 uersitate
608 1088 694 1113 cum
727 1077 919 1113 nonnullis
953 1077 1254 1125 oppositionibus
1289 1081 1328 1115 et
1360 1079 1664 1127 responsionibus
1695 1079 1857 1127 publicis

399 1137 498 1173 inter
518 1136 670 1184 equales
692 1148 781 1172 suos
804 1137 966 1173 sufficiat
982 1137 1016 1173 ei
1032 1137 1080 1173 ad
1098 1137 1352 1185 incipiendum
1368 1137 1408 1174 in
1425 1137 1571 1175 artibus
1588 1151 1663 1175 non
1680 1138 1856 1175 obstante

399 1199 547 1232 statuto
572 1195 626 1232 sic
650 1195 751 1243 quod
774 1198 864 1232 ante
885 1195 965 1232 eius
986 1195 1253 1232 admissionem
1275 1196 1398 1233 tribus
1419 1197 1610 1244 magistris
1631 1197 1780 1245 publice
1801 1210 1856 1234 re—

398 1254 583 1303 spondeat

305 1315 404 1351 Item
420 1314 641 1351 conceditur
656 1313 810 1350 domino
827 1313 968 1350 Botrell
985 1318 1028 1350 vt
1044 1326 1179 1350 novem
1196 1314 1349 1351 termini
1370 1318 1458 1362 post
1474 1315 1622 1352 finalem
1639 1316 1719 1352 eius
1736 1316 1858 1353 deter-

397 1374 644 1410 minationem
666 1374 706 1410 in
728 1373 866 1420 quibus
888 1374 1068 1410 lectiones
1089 1373 1296 1410 ordinarias
1319 1373 1468 1411 audiuit
1491 1374 1580 1411 licet
1604 1387 1678 1411 non
1701 1376 1855 1412 omnino

397 1432 604 1469 secundum
626 1433 786 1468 formam
808 1433 946 1469 statuti
972 1444 1058 1468 cum
1081 1431 1229 1469 duabus
1251 1432 1556 1480 responsionibus
1578 1436 1618 1470 et
1638 1445 1712 1470 vna
1736 1435 1854 1471 varia-

399 1493 503 1528 tione
531 1492 700 1539 proximo
725 1503 824 1527 anno
848 1491 889 1527 in
911 1491 1063 1539 propria
1091 1503 1250 1539 persona
1272 1490 1443 1528 habenda
1467 1490 1539 1527 sub
1562 1503 1659 1539 pena
1681 1504 1757 1528 xxs
1778 1494 1854 1529 suf-

397 1552 500 1588 ficiat
515 1552 549 1588 ei
565 1551 614 1588 ad
631 1550 887 1599 incipiendum
904 1551 944 1587 in
961 1550 1109 1587 artibus

304 1610 446 1647 Eadem
463 1610 583 1657 gratia
599 1609 646 1646 de
663 1609 775 1646 verbo
793 1609 832 1645 in
849 1608 1005 1645 verbum
1021 1609 1239 1646 conceditur
1253 1608 1406 1646 domino
1422 1608 1587 1657 Ooplaye

306 1670 405 1707 Item
434 1668 651 1706 conceditur
677 1668 830 1704 domino
858 1667 1004 1715 Harrys
1032 1670 1075 1704 vt
1103 1672 1268 1714 quatuor
1299 1667 1451 1703 termini
1484 1670 1570 1714 post
1598 1667 1747 1704 finalem
1775 1668 1856 1705 eius

400 1727 752 1765 determinationem
776 1727 815 1763 in
837 1726 977 1774 quibus
998 1726 1176 1763 lectiones
1196 1726 1404 1763 ordinarias
1423 1725 1571 1762 audiuit
1592 1738 1659 1773 per
1677 1727 1856 1764 maiorem

402 1790 548 1835 partem
574 1787 613 1823 in
639 1791 721 1823 toto
743 1798 828 1822 cum
852 1786 976 1822 tribus
1002 1784 1307 1834 responsionibus
1332 1796 1494 1832 quarum
1518 1785 1591 1822 due
1615 1784 1743 1822 habite
1767 1789 1858 1822 sunt

401 1847 440 1883 in
465 1847 634 1895 proxima
665 1846 979 1882 determinatione
1004 1844 1329 1882 bacchalareorum
1357 1844 1520 1881 sufficiat
1544 1844 1578 1881 ei
1603 1844 1651 1881 ad
1679 1845 1857 1892 incipien-

399 1907 491 1944 dum
516 1906 556 1942 in
581 1905 728 1942 artibus

147 2019 175 2059 f.
202 2020 287 2059 lla
307 2026 405 2062 Item
430 2023 648 2061 conceditur
671 2021 859 2058 Richardo
883 2021 1000 2057 Jones
1026 2024 1069 2057 vt
1094 2022 1179 2056 octo
1207 2018 1359 2057 termini
1384 2030 1471 2056 cum
1496 2019 1657 2055 termino
1685 2018 1739 2068 [in
1765 2020 1858 2069 quo]

400 2084 618 2131 incepturus
630 2085 689 2118 est
707 2081 745 2117 in
763 2081 834 2117 hac
851 2080 1100 2116 vniuersitate
1116 2083 1241 2127 preter
1258 2078 1463 2115 multorum
1480 2090 1664 2115 annorum
1686 2079 1856 2116 studium

399 2142 438 2178 in
462 2140 582 2178 literis
606 2138 892 2176 humanioribus
915 2150 1050 2186 pueros
1073 2137 1277 2175 erudiendo
1298 2137 1460 2174 sufficiat
1475 2137 1509 2174 ei
1532 2136 1579 2174 ad
1603 2137 1855 2185 incipiendum

399 2201 438 2237 in
458 2198 605 2237 artibus
622 2210 696 2235 non
714 2197 890 2235 obstante
911 2200 1059 2234 statuto
1075 2197 1129 2234 sic
1146 2201 1189 2233 vt
1206 2196 1269 2233 vni
1292 2196 1471 2244 magistro
1494 2195 1641 2244 publice
1664 2199 1753 2233 ante
1776 2197 1857 2233 cius

397 2259 664 2296 admissionem
682 2257 906 2305 respondeat
923 2261 962 2293 et
978 2256 1103 2293 soluat
1116 2256 1332 2306 achademie
1349 2255 1546 2292 tresdecim
1559 2255 1697 2292 solidos
1709 2259 1748 2292 et
1766 2255 1818 2303 iiij
1830 2256 1854 2292 d

307 2321 404 2357 Item
420 2318 637 2355 conceditur
652 2317 773 2354 eidem
797 2328 916 2364 nuper
932 2315 1098 2353 admisso
1114 2316 1162 2352 ad
1180 2314 1436 2363 incipiendum
1458 2314 1497 2351 in
1514 2313 1660 2351 artibus
1675 2315 1853 2362 quoniam

399 2380 438 2416 in
467 2378 632 2415 Scotiam
658 2389 744 2414 cum
769 2376 923 2414 domino
951 2388 1020 2413 suo
1046 2375 1183 2412 comite
1213 2373 1350 2411 Darbei
1381 2374 1420 2410 in
1450 2372 1560 2421 regiis
1586 2373 1746 2421 negociis
1771 2386 1853 2422 pro-

398 2439 565 2476 secturus
585 2440 644 2473 est
668 2437 706 2473 in
731 2435 911 2484 proximis
930 2434 1134 2472 commitiis
1150 2433 1280 2471 adesse
1304 2432 1479 2480 desperat
1535 2431 1710 2469 conviuet
1727 2435 1853 2470 tamen

397 2501 438 2535 et
461 2496 670 2534 satisfaciat
694 2495 884 2532 officiariis
910 2494 1015 2531 iuxta
1039 2495 1187 2530 statuta
1211 2494 1250 2529 et
1275 2502 1396 2530 mores
1422 2490 1680 2528 vniuersitatis

306 2559 403 2596 Item
419 2555 637 2594 conceditur
652 2554 783 2591 Miloni
797 2553 965 2590 Wilsono
978 2556 1020 2590 vt
1039 2555 1082 2589 12
1097 2550 1247 2589 termini
1266 2552 1352 2598 post
1369 2549 1516 2587 finalem
1534 2549 1615 2586 eius
1627 2549 1850 2587 determina-

397 2617 539 2653 tionem
570 2614 607 2651 in
633 2613 772 2661 quibus
795 2612 974 2650 lectiones
1005 2610 1212 2648 ordinarias
1236 2609 1384 2647 audiuit
1409 2620 1476 2657 per
1500 2608 1678 2646 maiorem
1704 2613 1849 2657 partem

398 2674 436 2711 in
460 2676 541 2710 toto
557 2683 643 2709 cum
666 2670 813 2708 duabus
836 2669 1142 2718 responsionibus
1163 2673 1202 2706 et
1225 2680 1299 2705 vna
1316 2667 1522 2705 variatione
1545 2667 1584 2704 in
1607 2668 1756 2716 propria
1772 2680 1852 2716 per-

397 2744 489 2769 sona
506 2731 673 2779 proximo
689 2741 788 2766 atino
806 2728 978 2766 habenda
994 2728 1156 2766 sufficiat
1172 2728 1206 2764 ei
1223 2726 1271 2764 ad
1289 2725 1543 2775 incipiendum
1563 2726 1600 2763 in
1618 2725 1765 2763 artibus

306 2794 400 2830 item
430 2789 648 2828 conceditur
673 2787 826 2825 domino
855 2787 1044 2834 Tompson
1073 2789 1114 2823 vt
1141 2796 1274 2822 novem
1301 2784 1452 2822 termini
1484 2787 1570 2832 post
1597 2783 1744 2821 finalem
1772 2785 1853 2822 eius

395 2848 747 2886 detenninationem
784 2845 820 2882 in
855 2844 993 2892 quibus
1024 2844 1201 2881 lectiones
1233 2842 1441 2881 ordinarias
1473 2841 1623 2879 audiuit
1656 2842 1742 2880 licet
1777 2855 1848 2881 nou
