2008 3216
344 167 428 209 156
927 176 1080 208 emon
1110 176 1236 208 BOOK
1266 177 1297 208 Δ
1674 166 1894 222 [1561-62

341 281 569 318 Conceditur
586 285 630 318 15
648 282 740 319 Maii
763 282 855 318 Tho.
874 281 1075 318 Edwardes
1091 284 1135 318 vt
1154 281 1325 317 studium
1342 292 1406 317 sex
1428 292 1615 317 annorum
1638 281 1678 318 in
1694 281 1776 317 iure
1792 281 1895 317 ciuili

435 353 522 377 cum
538 341 838 388 oppositionibus
855 341 1162 388 responsionibus
1183 343 1223 377 et
1239 341 1323 377 aliis
1342 341 1529 377 exercitiis
1552 353 1619 388 per
1633 340 1734 388 regia
1750 343 1898 377 statuta

435 401 628 448 requisitis
643 400 806 437 sufficiat
822 401 855 436 ei
872 400 920 437 ad
938 400 1158 437 intrandum
1175 401 1214 436 in
1232 400 1363 437 eodem
1379 400 1460 436 iure
1476 400 1530 436 sic
1548 403 1590 437 vt
1612 400 1837 449 respondeat
1857 402 1896 436 et

436 463 602 506 opponat
618 462 744 495 vestra
759 459 991 495 authoritate
1007 459 1047 494 in
1063 458 1199 495 habitu
1214 458 1452 495 bachalaurei

184 516 210 553 f.
234 516 285 554 64
299 516 324 554 b
343 517 572 553 Conceditur
603 523 668 553 ΠΟ
691 517 716 553 J
718 517 798 553 unii
824 517 915 553 Tho.
944 516 1065 553 Bland
1090 519 1133 553 vt
1157 516 1328 553 studium
1354 529 1378 553 x
1401 528 1587 553 annorum
1615 516 1656 552 in
1682 517 1763 553 iure
1795 516 1897 553 civili

438 589 524 612 cum
548 577 671 612 multa
694 576 861 623 practica
883 576 923 611 in
945 576 1076 612 eodem
1096 579 1136 612 et
1160 588 1246 611 cum
1273 575 1574 623 oppositionibus
1593 576 1898 624 responsionibus

436 639 476 670 et
492 635 577 670 aliis
593 634 780 670 exercitiis
796 646 863 681 per
884 634 986 681 regia
1002 636 1149 670 statuta
1169 635 1363 681 requisitis
1379 635 1616 681 perficiendis
1639 635 1738 672 infra
1754 647 1897 671 annum

438 698 525 741 post
549 695 631 730 eius
655 694 923 730 admissionem
949 694 1020 730 sub
1045 706 1143 742 pena
1167 693 1245 741 iiijss
1268 695 1527 741 ponendarum
1553 695 1592 730 in
1616 694 1792 731 manibus
1815 706 1898 742 pro-

437 757 654 790 curatorum
670 757 760 789 ante
776 753 858 789 eius
881 753 1149 789 admissionem
1169 754 1332 789 sufficiat
1348 753 1382 789 ei
1405 753 1453 790 ad
1475 754 1695 790 intrandum
1712 754 1752 790 in
1769 753 1899 790 eodem

433 812 519 860 jure
569 813 812 848 Presentatus
828 824 895 859 per
910 812 1101 848 doctorem
1120 812 1252 859 Harvy
1296 812 1498 849 Admissus
1515 814 1560 850 27
1578 812 1602 848 J
1604 812 1684 849 unii
1702 812 1898 859 (forisfecit

438 872 572 920 mar-9.)

343 930 571 968 Conceditur
587 932 610 966 9
626 930 648 966 J
652 930 719 966 ulii
737 930 829 966 Tho.
849 930 992 966 Blande
1009 930 1190 978 superiori
1201 930 1262 966 die
1278 930 1444 966 admisso
1460 930 1508 967 ad
1524 931 1745 968 intrandum
1762 931 1802 967 in
1814 930 1900 978 jure

437 990 538 1026 civili
555 993 595 1025 et
614 993 745 1037 postea
768 991 808 1026 in
831 990 995 1037 patriam
1019 990 1186 1037 profecto
1208 1002 1252 1026 ac
1268 989 1409 1026 ibidem
1431 990 1660 1037 quibusdam
1683 990 1901 1026 necessariis

438 1050 601 1096 negociis
623 1049 806 1096 impedito
828 1061 904 1096 quo
927 1050 1054 1085 minus
1077 1050 1159 1085 sine
1183 1061 1252 1085 suo
1274 1049 1440 1085 maximo
1460 1049 1656 1096 dispendio
1678 1050 1725 1087 ad
1748 1050 1901 1086 comitia

438 1113 568 1144 nostra
594 1108 731 1145 reverti
764 1109 891 1155 potuit
923 1111 966 1145 vt
990 1109 1072 1145 eius
1104 1109 1284 1145 admissio
1309 1111 1386 1144 stet
1409 1109 1443 1144 ei
1469 1120 1537 1156 pro
1561 1109 1757 1156 completis
1782 1109 1900 1156 gradu

437 1170 477 1203 et
501 1167 623 1203 forma
652 1167 963 1203 bachalaureatus
990 1168 1030 1203 in
1062 1167 1192 1203 eodem
1217 1166 1303 1214 jure
1331 1167 1385 1202 sic
1414 1169 1543 1203 tamen
1569 1170 1611 1204 vt
1636 1179 1704 1214 pro
1730 1168 1900 1205 convivio

438 1230 478 1262 et
504 1238 591 1262 cum
623 1225 775 1262 doctore
804 1226 902 1273 juris
931 1226 1053 1262 civilis
1081 1229 1282 1273 componat
1314 1228 1353 1262 et
1386 1226 1625 1262 vniuersitati
1652 1238 1720 1273 pro
1751 1226 1900 1275 dispen-

438 1287 584 1322 satione
608 1286 655 1322 de
679 1298 754 1322 non
780 1286 935 1333 legendo
959 1286 1082 1322 solvat
1107 1285 1203 1332 xiijs
1228 1285 1321 1333 iiijd

343 1345 571 1382 Conceditur
599 1348 646 1381 20
677 1345 701 1381 J
704 1345 784 1381 unii
819 1349 861 1381 vt
890 1345 1083 1392 responsio
1115 1345 1164 1381 ad
1190 1356 1305 1392 quam
1333 1348 1485 1381 tenetur
1509 1345 1674 1381 Thomas
1699 1344 1900 1382 Edwardes

437 1405 583 1441 ratione
620 1404 758 1452 gradus
795 1405 854 1441 sui
895 1405 1124 1452 suscipiendi
1157 1405 1279 1452 possit
1316 1405 1441 1451 peragi
1481 1405 1520 1440 in
1552 1404 1614 1441 die
1645 1405 1900 1452 proximorum

437 1462 676 1498 comitiorum
701 1462 756 1497 sic
781 1465 824 1498 vt
849 1465 926 1498 stet
951 1474 1018 1509 pro
1043 1462 1164 1498 forma
1188 1473 1257 1498 sua

343 1520 573 1558 Conceditur
605 1523 628 1557 9
654 1520 678 1556 J
682 1520 748 1556 ulii
775 1523 814 1556 et
837 1520 1099 1567 dispensatum
1124 1523 1183 1556 est
1206 1531 1293 1556 cum
1323 1520 1503 1566 magistro
1527 1520 1728 1557 Edwardes
1752 1520 1799 1558 de
1822 1533 1898 1557 non

437 1579 592 1627 legendo
609 1579 661 1615 sic
679 1582 722 1615 vt
738 1578 862 1615 solvat
878 1579 1119 1615 vniuersitati
1137 1578 1201 1626 xiij
1214 1590 1233 1614 s
1250 1578 1304 1626 iiij
1317 1578 1342 1615 d

342 1639 570 1676 Conceditur
593 1651 693 1675 anno
725 1638 869 1675 domini
906 1641 997 1674 1542
1030 1637 1117 1687 [sic]
1143 1641 1183 1674 et
1215 1638 1476 1686 dispensatum
1509 1642 1567 1675 est
1599 1651 1686 1676 cum
1720 1640 1900 1687 magistro

438 1698 583 1735 Bartlet
607 1698 653 1734 de
678 1710 754 1734 non
778 1697 933 1744 legendo
957 1698 1011 1734 sic
1036 1701 1079 1734 vt
1102 1697 1225 1734 solvat
1251 1697 1491 1734 vniuersitati
1515 1698 1580 1745 xiij
1595 1710 1614 1733 s
1639 1698 1692 1745 iiij
1707 1698 1732 1735 d

885 1993 1095 2036 Doctores
1127 1993 1170 2035 in
1203 1992 1355 2036 eodem

346 2125 574 2162 Conceditur
598 2125 674 2173 xiiij
706 2125 834 2162 Martii
863 2125 1043 2172 magistro
1073 2124 1266 2173 Threlkyll
1291 2136 1411 2172 nuper
1435 2124 1578 2172 collegii
1604 2124 1709 2172 Regii
1733 2125 1832 2161 socio
1857 2127 1900 2162 vt

441 2184 610 2221 studium
627 2185 692 2221 viii
715 2196 899 2221 annorum
923 2185 962 2221 in
981 2185 1066 2232 jure
1083 2184 1183 2221 civili
1204 2189 1406 2232 postquam
1430 2185 1566 2221 rexerit
1591 2185 1630 2221 in
1646 2185 1793 2222 artibus
1812 2197 1898 2221 cum

440 2243 740 2291 oppositionibus
773 2242 1078 2291 responsionibus
1111 2247 1150 2279 et
1183 2243 1268 2279 aliis
1299 2243 1488 2279 exercitiis
1523 2255 1590 2291 per
1621 2244 1722 2291 regia
1753 2246 1900 2281 statuta

441 2303 633 2351 requisitis
658 2302 893 2350 perficiendis
917 2303 1016 2340 infra
1038 2314 1182 2339 annum
1205 2307 1292 2350 post
1316 2303 1397 2339 eius
1419 2302 1685 2339 admissionem
1710 2302 1781 2339 sub
1803 2315 1899 2350 pena

441 2362 484 2398 x¹¹
502 2362 674 2410 ponenda
691 2363 728 2399 in
749 2362 924 2399 manibus
942 2366 1226 2410 procuratorum
1244 2366 1333 2399 ante
1353 2363 1434 2399 eius
1456 2362 1721 2399 admissionem
1738 2364 1900 2401 sufficiat

439 2422 472 2458 ci
502 2421 549 2458 ad
580 2421 833 2469 incipiendum
864 2422 902 2458 in
930 2421 1059 2458 eodem
1089 2421 1169 2458 iure
1198 2422 1252 2458 ita
1280 2426 1323 2459 vt
1351 2422 1431 2458 eius
1459 2421 1638 2458 admissio
1666 2426 1743 2459 stet
1769 2423 1802 2459 ei
1832 2434 1900 2470 pro

441 2480 639 2528 completis
663 2479 779 2527 gradu
804 2483 844 2516 et
869 2480 989 2517 forma
1013 2479 1232 2516 doctoratus
1257 2480 1435 2527 quoniam
1460 2480 1571 2517 timet
1595 2480 1694 2528 quod
1720 2482 1900 2529 proximis

440 2539 605 2575 comitiis
629 2537 759 2574 adesse
785 2549 858 2573 non
891 2538 1011 2585 possit
1035 2538 1089 2573 sic
1116 2541 1243 2574 tamen
1272 2541 1314 2574 vt
1346 2538 1565 2574 convivetur
1589 2542 1629 2574 et
1654 2538 1764 2575 aliter
1790 2539 1899 2576 satis-

442 2598 556 2635 faciat
572 2597 760 2634 officiariis
780 2609 847 2645 pro
865 2609 966 2634 more
988 2597 1177 2634 academie
1225 2597 1427 2634 Admissus
1449 2597 1577 2634 eodem
1599 2602 1638 2635 et
1661 2602 1900 2645 presentatus

441 2669 507 2705 per
529 2656 720 2693 doctorem
750 2656 880 2704 Harvy

346 2716 573 2754 Conceditur
590 2715 709 2761 xxiijst’
725 2715 896 2751 ‹Ianum-ii
916 2715 1096 2761 magistro
1118 2715 1236 2751 Furth
1256 2719 1298 2751 vt
1320 2714 1489 2752 studium
1508 2727 1530 2752 v
1553 2727 1737 2753 annorum
1755 2717 1794 2754 in
1820 2717 1900 2755 iure

440 2775 538 2813 civili
575 2779 659 2822 pont
687 2774 843 2821 gradum
873 2774 1108 2811 lmehnlaurei
1137 2775 1174 2811 in
1202 2774 1331 2811 eadem
1360 2775 1538 2812 facultate
1570 2780 1786 2824 susceptum
1812 2789 1899 2815 cum

439 2831 738 2882 oppositionibus
770 2832 1075 2881 responsionibus
1108 2837 1147 2869 et
1185 2833 1269 2870 aliis
1301 2834 1487 2870 exercitiis
1520 2846 1586 2882 per
1622 2835 1722 2882 regia
1753 2839 1901 2873 statuta

440 2891 632 2940 requisitis
656 2891 817 2927 sufficiat
841 2891 874 2927 oi
900 2890 948 2928 md
975 2891 1229 2940 incipiendum
1257 2892 1294 2928 in
1319 2892 1449 2929 codem
