2008 3216
335 168 419 210 178
917 178 1068 209 osaea
1099 178 1223 209 BOOK
1254 178 1284 208 Δ
1658 167 1880 222 [1563-64

428 294 515 318 nem
532 283 693 318 sufficiat
710 283 744 319 ei
761 282 809 318 ad
827 282 1083 329 incipiendum
1101 282 1140 317 in
1154 281 1284 317 eadem
1297 281 1478 317 facultate
1491 281 1544 316 sic
1557 284 1599 316 vt
1611 281 1692 316 eius
1705 279 1882 316 admissio
1928 328 1931 330 -

429 344 506 376 stet
522 353 590 388 pro
606 332 802 388 completis
817 341 935 388 gradu
951 344 990 376 et
1007 340 1128 375 forma
1144 342 1183 376 et
1200 340 1251 375 sit
1267 343 1357 375 actu
1373 339 1503 375 doctor
1515 339 1691 385 quoniam
1705 341 1882 373 evocatus

430 400 478 436 ad
501 404 628 447 partes
651 401 818 437 boreales
842 401 1016 447 desperat
1041 411 1080 435 se
1104 410 1342 435 accessurum
1366 397 1414 434 ad
1436 398 1590 434 comitia
1613 397 1783 444 proxima
1829 397 1884 433 sic

433 464 562 495 tamen
579 462 622 496 vt
639 461 860 496 convivetur
901 460 1144 495 Presentatus
1160 469 1226 504 per
1241 457 1432 493 doctorem
1450 458 1567 493 Perne

170 554 199 593 f·
222 553 272 592 76
292 554 318 591 b
337 563 565 600 Conceditur
588 567 635 600 28
659 563 832 600 Januarii
857 563 1037 610 magistro
1063 562 1226 597 Roberto
1251 562 1436 598 Beamont
1460 565 1503 598 vt
1527 562 1697 598 studium
1721 564 1884 608 quatuor

431 632 616 657 annorum
641 622 679 657 in
701 622 888 668 theologia
904 623 991 668 post
1012 620 1170 667 gradum
1193 619 1429 656 bachalaurei
1452 620 1492 656 in
1517 619 1646 656 eadem
1667 622 1884 665 susceptum

432 692 518 716 cum
535 672 834 727 oppositionibus
850 679 1154 726 responsionibus
1176 678 1414 714 sermonibus
1436 681 1475 714 et
1500 679 1585 714 aliis
1608 678 1794 714 exercitiis
1818 689 1885 724 per

432 743 580 775 statuta
594 740 710 786 Regia
725 739 919 785 requisitis
936 739 1100 774 sufficiat
1116 739 1149 774 ei
1166 738 1214 774 ad
1232 738 1489 785 incipiendum
1505 738 1545 774 in
1562 749 1667 774 sacra
1683 737 1870 783 theologia

339 798 566 834 Conceditur
583 802 625 835 21
645 800 669 835 J
672 800 754 835 unii
768 799 852 845 (sic)
869 802 912 834 vt
925 799 1117 846 responsio
1133 798 1341 845 theologica
1351 798 1399 834 ad
1416 810 1531 846 quam
1541 801 1694 834 tenetur
1709 797 1887 844 magister

434 857 604 904 inceptor
636 858 848 894 Beamount
879 858 1027 894 ratione
1050 857 1188 904 gradus
1213 858 1271 894 sui
1297 857 1526 904 suscipiendi
1551 856 1672 904 possit
1695 855 1821 903 peragi
1845 855 1886 891 in

433 917 613 963 vesperiis
628 917 867 953 comitiorum
885 917 1140 964 proximorum
1156 919 1196 952 et
1212 918 1288 953 stet
1304 928 1372 963 pro
1389 917 1509 952 forma
1524 927 1594 952 sua

340 974 566 1011 Conceditur
597 978 637 1011 11
670 975 864 1012 Februarii
898 974 1102 1011 reuerendo
1130 975 1171 1010 in
1201 974 1352 1011 Christo
1380 974 1480 1021 patri
1510 972 1617 1010 Edm.
1650 972 1887 1009 Londonensi

434 1035 607 1082 episeopo
621 1038 662 1071 vt
674 1035 844 1071 studium
857 1038 901 1071 12
914 1047 1098 1071 annorum
1116 1035 1155 1070 in
1172 1034 1359 1081 theologia
1375 1037 1461 1081 post
1477 1033 1634 1081 gradum
1651 1031 1888 1069 bachalaurei

435 1094 472 1129 in
490 1094 619 1130 eadem
636 1098 855 1142 susceptum
872 1107 958 1130 cum
975 1094 1122 1130 duobus
1139 1093 1375 1130 sermonibus
1392 1105 1466 1129 vno
1482 1093 1529 1129 ad
1547 1093 1688 1128 clerum
1705 1092 1822 1128 altero
1839 1090 1885 1127 ad

435 1163 582 1188 crucem
602 1153 707 1188 Pauli
725 1152 962 1200 perficiendis
978 1152 1077 1188 infra
1093 1164 1236 1188 annum
1253 1155 1339 1199 post
1355 1151 1436 1187 eius
1449 1151 1714 1187 admissionem
1727 1150 1889 1186 sufficiat

436 1212 469 1247 ei
487 1212 535 1247 ad
554 1212 810 1259 incipiendum
827 1213 866 1248 in
885 1224 991 1248 sacra
1007 1212 1196 1259 theologia
1211 1212 1267 1248 ita
1279 1214 1322 1248 vt
1335 1211 1454 1259 possit
1471 1211 1624 1247 admitti
1641 1210 1689 1246 ad
1705 1209 1888 1257 placitum

435 1283 458 1306 a
474 1271 627 1307 domino
643 1272 933 1319 proeancellario
949 1272 1029 1307 sive
1045 1271 1093 1307 ab
1109 1271 1237 1318 aliquo
1253 1270 1404 1307 doctore
1427 1271 1466 1306 in
1489 1269 1619 1306 eadem
1643 1269 1823 1305 facultate
1839 1268 1888 1304 ab

436 1342 479 1365 eo
496 1330 706 1366 substituto
723 1331 802 1367 sive
819 1331 858 1366 in
877 1331 1039 1367 termino
1056 1330 1136 1366 sive
1152 1332 1258 1366 extra
1274 1330 1478 1366 terminum
1496 1329 1549 1365 sic
1563 1331 1605 1364 vt
1617 1328 1698 1364 eius
1710 1328 1889 1364 admissio

435 1393 512 1425 stet
529 1389 563 1425 ei
580 1402 648 1437 pro
665 1390 862 1437 eompletis
878 1389 996 1437 gradu
1014 1393 1054 1425 et
1069 1390 1190 1426 forma
1206 1390 1261 1425 ita
1278 1393 1408 1425 tamen
1421 1394 1464 1424 vt
1477 1388 1687 1425 satisfaciat
1703 1387 1890 1424 officiariis

341 1447 453 1482 Mem.
473 1448 573 1494 quod
590 1448 779 1484 admissus
794 1452 852 1484 est
870 1449 909 1484 in
927 1448 1067 1495 palatio
1084 1459 1152 1484 suo
1167 1447 1395 1484 Londinensi
1408 1458 1475 1494 per
1487 1446 1677 1482 doctorem
1687 1444 1890 1482 Coverdale

439 1509 481 1541 15
505 1506 649 1553 Aprilis
676 1509 768 1543 1564
791 1519 815 1543 a
838 1507 940 1543 dicto
960 1506 1247 1554 proeancellario
1266 1505 1520 1542 substitutum
1569 1504 1675 1541 Sicut
1699 1507 1805 1551 patet
1826 1515 1891 1551 per

435 1564 629 1610 publicum
646 1565 943 1601 instrumentum
960 1564 1047 1601 inde
1064 1565 1277 1601 confectum
1294 1567 1334 1601 et
1350 1575 1550 1600 remanens
1563 1563 1603 1599 in
1615 1563 1777 1600 archivis
1789 1563 1890 1599 dicte
1953 1569 1956 1571 ’

435 1623 695 1660 vniuersitatis
746 1623 844 1660 Item
861 1624 1104 1660 concionatus
1121 1627 1179 1660 est
1195 1624 1243 1660 ad
1260 1623 1401 1659 clerum
1418 1626 1441 1658 4
1457 1623 1481 1659 J
1484 1623 1551 1659 ulii
1571 1622 1631 1659 die
1651 1622 1890 1658 comitiorum

436 1694 503 1729 per
518 1683 742 1730 magistrum
759 1683 783 1719 J
786 1684 973 1720 ohannem
991 1683 1148 1730 Younge
1164 1683 1399 1730 capellanum
1416 1693 1527 1718 suum

341 1741 570 1778 Conceditur
591 1742 647 1789 xj⁰
670 1742 862 1778 Februarii
882 1743 1062 1790 magistro
1079 1742 1215 1779 Stokes
1232 1745 1275 1778 vt
1291 1741 1462 1778 studium
1479 1754 1502 1777 x
1519 1753 1705 1777 annorum
1724 1741 1764 1776 in
1787 1740 1890 1776 theo-

437 1799 534 1846 logia
562 1803 650 1846 post
676 1800 834 1847 gradum
862 1800 1100 1836 bachalaurei
1131 1800 1170 1836 in
1199 1799 1330 1836 eadem
1360 1800 1539 1836 facultate
1562 1802 1780 1846 susceptum
1804 1810 1892 1835 cum

436 1857 586 1894 duobus
605 1858 841 1895 sermonibus
862 1871 934 1894 vno
958 1858 1005 1895 ad
1031 1859 1213 1906 populum
1235 1864 1275 1894 et
1295 1858 1414 1894 altero
1433 1858 1481 1894 ad
1504 1870 1652 1894 crucem
1678 1858 1780 1894 Pauli
1804 1869 1891 1894 cum

437 1917 739 1964 oppositionibus
756 1921 795 1954 et
811 1918 1118 1965 responsionibus
1141 1929 1207 1965 per
1228 1921 1375 1953 statuta
1394 1917 1495 1964 regia
1518 1917 1712 1964 requisitis
1731 1916 1893 1952 sufficiat

437 1975 470 2010 ei
488 1987 555 2022 pro
571 1976 768 2023 completis
783 1976 902 2023 gradu
919 1980 958 2012 et
976 1977 1095 2012 forma
1112 1977 1151 2012 in
1168 1975 1300 2012 eadem
1318 1975 1499 2012 facultate
1515 1976 1569 2011 sic
1586 1979 1713 2011 tamen
1727 1978 1770 2011 vt
1782 1975 1891 2011 satis-

438 2034 552 2070 faciat
568 2034 755 2071 officiariis
807 2036 1051 2072 Presentatus
1068 2038 1127 2072 est
1144 2047 1210 2083 per
1225 2035 1415 2071 doctorem
1436 2035 1552 2070 Perue

182 2137 209 2178 f.
232 2137 282 2176 77
303 2150 326 2174 a
345 2140 573 2176 Conceditur
589 2140 624 2188 xj
649 2140 841 2177 Februarii
864 2141 1044 2188 magistro
1062 2141 1256 2178 Goodman
1275 2140 1668 2178 Westmonasteriensi
1684 2140 1824 2177 decano
1851 2145 1894 2176 vt

440 2199 611 2236 studium
636 2211 660 2235 x
684 2211 869 2235 annorum
895 2200 934 2235 in
960 2200 1148 2247 theologia
1173 2203 1372 2247 postquam
1399 2199 1537 2236 rexerit
1563 2200 1603 2236 in
1631 2199 1778 2236 artibus
1806 2210 1892 2235 cum

441 2258 588 2295 duobus
604 2259 840 2295 sermonibus
860 2271 933 2295 vno
953 2258 999 2295 ad
1024 2259 1166 2296 clerum
1188 2259 1307 2296 altero
1323 2259 1371 2296 ad
1388 2270 1536 2295 crucem
1556 2258 1661 2294 Pauli
1678 2270 1764 2294 cum
1781 2270 1893 2306 oppo-

441 2318 644 2355 sitionibus
660 2318 965 2366 responsionibus
982 2330 1049 2366 per
1064 2322 1213 2356 statuta
1228 2319 1329 2367 regia
1340 2318 1536 2366 requisitis
1548 2317 1784 2365 perficiendis
1796 2318 1894 2354 iufra

441 2389 583 2414 annum
600 2377 840 2414 admissionis
859 2389 927 2414 sue
945 2377 1017 2414 sub
1037 2389 1135 2425 pena
1159 2377 1246 2426 xiij¹¹
1269 2377 1526 2425 ponendarum
1549 2377 1588 2413 in
1615 2377 1790 2413 manibus
1811 2388 1894 2424 pro-

440 2441 656 2473 curatorum
673 2439 878 2484 antequam
897 2436 1126 2474 admittatur
1144 2437 1307 2474 sufficiat
1327 2437 1361 2474 ei
1381 2437 1429 2473 ad
1451 2435 1706 2483 incipiendum
1731 2436 1768 2472 in
1791 2447 1897 2472 sacra

442 2495 628 2542 theologia
678 2495 740 2532 Ita
759 2499 802 2532 vt
821 2495 902 2531 eius
924 2494 1103 2532 admissio
1126 2498 1203 2532 stet
1225 2495 1259 2531 ei
1281 2507 1348 2543 pro
1368 2494 1566 2542 eompletis
1585 2493 1703 2542 gradu
1720 2496 1759 2531 et
1776 2494 1896 2530 forma

442 2555 495 2590 sic
507 2559 633 2591 tamen
647 2559 688 2591 vt
700 2555 923 2591 convivatet
932 2554 1142 2591 satisfaciat
1155 2555 1343 2591 officiariis
1369 2554 1612 2591 Presentatus
1626 2565 1692 2601 per
1704 2553 1894 2590 doctorem

446 2613 562 2650 Peme
580 2613 641 2661 ijdo
657 2613 680 2650 J
685 2613 751 2650 ulii

348 2670 576 2708 Conceditur
593 2683 640 2708 xv
659 2671 787 2708 Martii
808 2675 849 2708 vt
865 2673 1058 2720 responsio
1074 2676 1113 2708 et
1133 2683 1255 2708 sermo
1275 2671 1322 2708 ad
1342 2671 1483 2708 olerum
1507 2670 1677 2718 magistri
1701 2670 1896 2707 Goodman

444 2730 858 2767 Westmonasteriensis
874 2730 1005 2768 decani
1023 2731 1170 2779 possint
1187 2731 1353 2767 converti
1372 2731 1410 2767 in
1427 2742 1491 2767 sex
1508 2741 1698 2767 sermones
1714 2729 1762 2767 ad
1779 2741 1896 2778 popu·

445 2788 523 2825 lum
548 2801 708 2836 quorum
734 2789 809 2826 duo
833 2790 880 2827 ad
905 2802 1053 2828 crucem
1080 2790 1186 2827 Pauli
1210 2789 1282 2827 sub
1308 2790 1482 2827 cautione
1509 2789 1595 2838 viij¹¹
1617 2792 1657 2826 et
1679 2792 1722 2826 vt
1743 2788 1895 2826 admitti

446 2846 565 2894 possit
586 2845 633 2882 ad
657 2846 838 2894 placitum
861 2847 915 2885 sio
939 2850 981 2885 vt
1004 2847 1079 2888 alia
1102 2849 1256 2895 peragat
1277 2847 1384 2884 iuxta
1405 2846 1566 2895 gratiam
1588 2845 1660 2883 sibi
1684 2846 1789 2894 prius
1810 2858 1894 2883 con-

444 2915 586 2942 cessam
