2008 3216
338 143 423 184 134
919 149 1070 183 GRAcE
1101 115 1225 183 130’01(
1255 151 1286 183 Δ
1411 130 1414 133 ⁴
1665 139 1886 196 [1558-59

118 254 144 293 f.
168 254 220 292 53
235 253 264 292 b
335 257 563 294 Conceditur
587 261 609 293 8
633 258 728 294 Julii
754 257 912 304 Georgio
937 257 1112 294 Wethers
1136 260 1179 294 vt
1203 260 1248 293 12
1273 256 1427 293 termini
1450 268 1538 294 cum
1559 258 1722 294 termino
1745 258 1786 294 in
1811 269 1887 305 quo

59 314 61 316 ’
430 318 471 353 in
495 316 634 364 quibus
661 317 840 354 lectiones
873 316 1081 354 ordinarias
1109 317 1259 353 audiuit
1286 316 1375 352 licet
1403 328 1479 352 non
1503 316 1656 353 omnino
1681 317 1886 353 secundum

431 377 592 413 formam
614 377 753 413 statuti
775 388 863 413 cum
885 375 1185 424 oppositionibus
1208 379 1247 413 et
1269 375 1574 423 responsionibus
1596 377 1788 423 requisitis
1812 377 1888 413 suf-

431 436 562 472 ficiant
585 435 620 472 ei
644 448 713 483 pro
737 435 936 483 completis
959 435 1078 482 gradu
1106 438 1146 471 et
1169 435 1290 471 forma
1315 434 1648 471 bacchalaureatus
1674 435 1714 471 in
1742 435 1888 472 artibus

432 495 610 542 quoniam
643 494 743 531 diem
771 495 940 530 cinerum
966 494 1180 541 proximum
1206 493 1380 530 futurum
1409 493 1490 530 sine
1523 506 1591 530 suo
1619 495 1784 531 maximo
1812 495 1888 531 dis-

433 552 570 600 pendio
586 556 782 599 expectare
798 564 874 588 non
896 555 1022 599 potest
1072 552 1134 588 Ita
1157 555 1286 587 tamen
1303 554 1346 587 vt
1369 551 1450 587 eius
1473 552 1634 588 eruditio
1656 553 1891 589 examinetur

434 614 474 647 et
511 610 742 658 approbetur
773 623 840 658 per
871 611 1146 646 examinatores
1177 611 1292 647 huius
1324 611 1414 646 anni
1447 611 1666 647 convivetur
1697 614 1737 648 et
1769 614 1892 648 cetera

434 674 589 718 peragat
613 682 680 718 per
702 674 850 706 statuta
874 670 1057 717 requisita
1085 673 1125 706 et
1153 673 1230 706 stet
1263 671 1303 706 in
1333 669 1619 717 quadragesima
1646 670 1776 707 futura
1804 683 1891 707 cum

435 730 569 766 ceteris
593 729 872 766 bacchalaureis

879 926 1080 984 Magistri
1110 926 1157 968 in
1187 925 1357 969 artibus

342 1053 569 1089 Conceditur
595 1056 640 1089 lO
665 1053 794 1089 Martii
820 1055 911 1089 1558
935 1053 1088 1089 domino
1114 1053 1205 1089 Hau
1231 1056 1272 1090 vt
1297 1056 1320 1090 9
1345 1055 1497 1091 termini
1523 1058 1609 1102 post
1635 1056 1715 1091 eius
1743 1055 1892 1091 finalem

436 1113 789 1149 determinationem
822 1114 861 1149 in
894 1113 1034 1160 quibus
1066 1113 1247 1149 lectiones
1280 1114 1488 1150 ordinarias
1514 1115 1662 1151 audiuit
1695 1115 1783 1151 licet
1817 1126 1892 1150 non

436 1172 590 1207 omnino
621 1171 828 1208 secundum
859 1172 1020 1208 formam
1053 1172 1190 1207 statuti
1219 1184 1306 1208 cum
1333 1172 1457 1209 tribus
1483 1173 1787 1220 responsionibus
1815 1173 1893 1209 suf-

437 1231 567 1267 ficiant
590 1231 625 1267 ei
649 1231 697 1267 ad
723 1230 979 1278 incipiendum
1003 1231 1043 1267 in
1068 1231 1215 1268 artibus

344 1290 486 1326 Eadem
503 1290 626 1337 gratia
642 1290 772 1326 eodem
790 1289 1008 1326 conceditur
1024 1290 1177 1326 domino
1196 1291 1359 1327 Munson
1377 1291 1529 1327 domino
1548 1291 1725 1328 Nicolson
1742 1291 1894 1328 domino

438 1349 660 1396 Doryngton
677 1348 830 1385 domino
847 1349 1089 1386 Chatbourne
1105 1350 1258 1386 domino
1275 1349 1506 1397 Bautersbye

344 1408 487 1444 Eadem
503 1408 624 1455 gratia
640 1408 857 1445 conceditur
875 1412 919 1445 16
937 1409 1067 1445 Martii
1084 1409 1236 1446 domino
1254 1410 1391 1446 Hawes
1407 1410 1560 1446 domino
1577 1410 1806 1447 Shacklocke

344 1468 486 1504 Eadem
502 1468 624 1515 gratia
635 1468 854 1505 conceditur
869 1472 912 1505 15
929 1468 1075 1516 Aprilis
1087 1469 1238 1506 domino
1256 1469 1428 1506 Shillitoe
1440 1469 1591 1506 domino
1609 1470 1726 1506 Boam
1742 1469 1894 1506 domino

344 1585 487 1622 Eadem
519 1585 642 1632 gratia
667 1585 884 1623 conceditur
908 1589 931 1623 9
957 1586 1049 1623 Maii
1073 1587 1226 1624 domino
1252 1587 1381 1636 Bynge
1406 1588 1559 1624 domino
1590 1588 1693 1625 Kent
1741 1591 1763 1624 5
1789 1589 1895 1625 Junii

437 1645 590 1682 domino
619 1644 787 1692 Twydall
821 1645 974 1681 domino
1003 1646 1155 1683 Audian
1183 1646 1335 1683 domino
1365 1647 1555 1684 Beamond
1584 1647 1736 1684 domino
1768 1647 1896 1684 Evans

439 1707 487 1740 20
517 1703 541 1740 J
546 1704 626 1740 unii
652 1703 805 1740 domino
834 1703 1050 1752 Wybourne
1075 1704 1229 1742 domino
1263 1705 1454 1753 Sheparde
1479 1709 1519 1743 et
1549 1709 1590 1743 11
1621 1707 1716 1743 Julii
1743 1707 1896 1744 domino

441 1764 592 1811 Pennye

345 1824 432 1862 Vna
459 1835 545 1860 cum
575 1823 636 1860 his
664 1824 886 1871 inceperunt
913 1837 959 1861 ex
991 1825 1145 1872 collegio
1179 1825 1294 1872 Regio
1323 1825 1461 1873 quibus
1490 1826 1593 1862 nulla
1621 1826 1743 1873 gratia
1775 1826 1897 1873 petita.

441 1894 562 1930 neque
590 1882 821 1930 dispensatio
845 1895 1019 1920 concessa
1043 1883 1187 1920 domini
1214 1885 1314 1921 Rust
1339 1884 1498 1932 Scroope
1523 1884 1667 1922 Adams
1690 1886 1898 1933 Howgrave

441 1943 481 1977 ct
505 1941 658 1989 Sturley

780 2140 899 2184 Ordo
931 2140 1200 2184 senioritatis
1232 2142 1469 2186 eorundem

586 2267 640 2304 Μ’
658 2268 763 2315 Byng
1030 2268 1086 2303 Mr
1104 2268 1262 2305 Monsou
1480 2270 1534 2306 Mr
1554 2271 1675 2318 Penyc

585 2327 640 2363 Μ’
657 2326 792 2363 Hawse
1031 2326 1086 2363 Μ’
1103 2326 1271 2375 Shcpard
1479 2329 1534 2365 Μ’
1550 2329 1693 2366 Adams

584 2386 639 2422 ΜΙΓ
657 2386 761 2422 Kent
1032 2385 1086 2422 Μ’
1105 2386 1202 2423 Rust
1479 2388 1534 2424 Μῐ
1551 2389 1756 2436 Howgrave

586 2444 640 2480 Μ’
658 2444 841 2481 Bcamont
1032 2443 1087 2480 Μ’
1103 2444 1264 2492 Scroopc
1479 2446 1534 2482 Mr
1551 2447 1667 2483 Boam

585 2503 640 2539 M*
656 2502 885 2539 Shacklocko
1030 2503 1084 2539 Μ’
1101 2502 1253 2539 Audian
1477 2504 1532 2541 Μ’
1549 2505 1768 2554 Doryngton

585 2562 640 2599 M*
658 2562 746 2599 Hall
1033 2563 1088 2599 Mr
1104 2562 1325 2599 Chatbourn
1480 2564 1542 2609 Μ’ι
1553 2565 1724 2614 Sturlcyc

584 2621 640 2658 M*
656 2620 859 2657 Wibournc
1031 2621 1086 2658 Μ’
1102 2620 1269 2669 Twydall
1478 2622 1534 2659 Μ’
1551 2622 1632 2659 Hill

585 2680 640 2717 Μ’
658 2680 784 2717 Evam:

349 2808 459 2845 Mem.
487 2806 588 2855 quod
617 2806 759 2844 domini
791 2806 975 2855 shyllitoe
1006 2806 1210 2844 Nicholsou
1240 2810 1279 2845 et
1308 2807 1509 2846 Buutcrbie
1542 2820 1615 2846 non
1646 2809 1898 2848 interfuerunt

442 2866 646 2903 commitiin
670 2877 790 2914 nequo
816 2865 1027 2913 inaugurati
1055 2868 1146 2902 sunt
