2002 3236
315 174 372 216 20
895 182 1045 214 ancn
1076 182 1198 213 Boon
1231 181 1260 212 Δ
1641 169 1863 224 [1543-44

411 298 498 334 pars
513 286 745 334 presentium
763 285 795 321 si
812 297 941 321 omnes
958 284 1088 320 adesse
1104 295 1179 319 non
1195 286 1355 331 possunt
1367 287 1456 319 ante
1472 294 1640 319 mensem
1657 280 1865 317 decreuerit

411 357 480 392 pro
510 347 658 381 statuto
682 343 867 380 habeatur
898 344 952 379 sic
975 346 1019 380 vt
1042 343 1148 390 prius
1179 354 1305 379 coram
1334 342 1440 378 vobis
1464 343 1609 389 legatur
1643 345 1683 377 et
1714 342 1797 375 tum
1827 339 1866 374 in

412 400 551 437 librum
568 406 852 448 procuratorum
869 399 1099 436 inscribatur

321 461 417 497 Item
443 459 660 496 conceditur
676 463 718 495 vt
739 459 870 495 doctor
893 458 1011 494 Harvi
1033 458 1202 504 magistri
1220 458 1306 503 (sic)
1327 457 1529 504 Atkynson
1553 456 1695 502 collegii
1719 455 1868 502 Regalis

414 519 708 566 viceprepositus
724 522 763 553 et
779 517 959 563 magister
975 516 1112 563 Blythe
1128 515 1175 551 de
1191 515 1279 551 aula
1296 516 1425 562 Regali
1446 516 1524 551 sint
1546 515 1688 551 iudices
1709 514 1868 560 delegati

414 578 455 613 in
471 589 584 613 causa
602 575 865 623 appellationis
878 574 978 610 inter
998 573 1194 610 dominum
1217 573 1401 609 Th0mam
1427 573 1601 620 Boynton
1624 577 1663 609 et
1684 572 1868 608 'rhomam

416 636 579 672 Harison
596 636 652 671 ita
667 633 768 682 quod
778 633 956 680 quicquid
977 632 1097 668 maior
1113 643 1200 678 pars
1216 632 1351 668 horum
1367 631 1574 668 decreuerit
1590 632 1686 668 citra
1704 631 1869 667 natalem

417 694 569 730 Domini
586 693 799 740 proximum
816 695 941 727 vestro
957 690 1127 726 omnium
1144 690 1295 726 nomine
1311 693 1437 726 ratum
1453 695 1493 726 et
1509 691 1659 726 firmum
1677 689 1861 726 habeatur

323 753 422 789 Item
449 763 666 788 conoessum
695 754 754 787 est
786 753 829 786 vt
857 749 998 785 nemini
1024 748 1223 784 custodum
1245 748 1426 784 cistarum
1450 749 1561 784 liceat
1585 749 1762 795 cuiquam
1790 759 1870 794 per-

417 811 569 847 mittere
601 814 644 846 vt
676 809 838 845 redimat
870 808 1084 844 cautionem
1112 818 1221 842 suam
1253 806 1543 855 fra[u]dulenter
1575 812 1618 843 vt
1645 807 1802 843 eandem
1831 807 1870 842 in

418 868 575 905 eandem
600 869 736 904 cistam
760 869 834 903 sta:
868 866 1060 912 imponere
1086 865 1169 911 (sic)

195 968 221 1006 s.
244 968 267 1005 9
283 981 307 1005 a
326 972 425 1008 Item
442 970 661 1006 conceditur
676 966 820 1004 doctori
838 966 983 1013 Wygan
1001 968 1044 1000 vt
1060 964 1180 1012 possit
1197 976 1321 1011 regere
1337 967 1377 1000 et
1393 976 1467 1000 non
1481 976 1604 1011 regere
1625 964 1672 1000 ad
1692 964 1874 1012 placitum

419 1029 474 1065 sic
489 1027 590 1076 quod
606 1026 731 1062 soluat
747 1024 986 1061 vniuersitati
1002 1029 1064 1059 xx⁸
1080 1023 1178 1059 infra
1194 1022 1365 1059 triduum

327 1088 426 1124 Item
448 1085 665 1123 conceditur
680 1086 723 1119 vt
738 1083 914 1119 dominus
937 1081 1261 1118 vicecancellarius
1280 1084 1320 1117 et
1343 1082 1418 1117 duo
1436 1084 1694 1129 procuratores
1712 1080 1877 1117 habeant

420 1143 691 1181 authoritatem
709 1145 873 1178 vestram
892 1139 1072 1176 visitandi
1098 1139 1272 1176 custodes
1294 1140 1463 1176 omnium
1485 1140 1666 1176 cistarum
1688 1143 1728 1176 et
1752 1139 1877 1176 videre

421 1202 513 1250 quid
538 1202 578 1238 in
602 1201 761 1248 singulis
785 1200 891 1236 cistis
916 1199 1074 1247 pecunie
1096 1199 1189 1246 quid
1213 1199 1431 1235 cautionum
1456 1202 1795 1246 superannatarum
1819 1199 1878 1235 vel

422 1276 497 1300 non
523 1263 864 1310 superannatarum
891 1260 942 1296 sit
968 1271 1043 1306 que
1071 1262 1218 1295 statuta
1246 1259 1333 1306 quis
1358 1258 1448 1294 ordo
1475 1270 1518 1294 ac
1539 1258 1672 1295 modus
1694 1262 1732 1295 et
1758 1259 1879 1294 forma

422 1321 595 1359 tradendi
612 1324 651 1357 et
675 1318 882 1367 accipiendi
905 1319 944 1354 in
967 1318 1124 1365 singulis
1146 1317 1252 1354 cistis
1274 1321 1444 1354 servetur
1465 1322 1504 1353 et
1525 1317 1573 1354 de
1594 1317 1769 1354 omuibus
1792 1318 1876 1354 istis

422 1381 528 1417 vobis
544 1379 766 1417 renuncient
782 1382 822 1415 et
838 1382 881 1414 vt
893 1378 1035 1414 interea
1048 1377 1228 1424 temporis
1245 1389 1319 1413 non
1333 1377 1445 1412 liceat
1461 1376 1681 1413 custodibus
1696 1377 1876 1413 cistarum

422 1440 535 1476 vllam
552 1439 749 1487 pecuniam
766 1438 943 1484 cuiquam
961 1449 1004 1473 ex
1025 1437 1100 1473 illis
1119 1436 1225 1472 cistis
1248 1435 1396 1472 tradere
1417 1441 1485 1472 aut
1509 1448 1644 1472 novam
1665 1436 1878 1473 cautionem

419 1499 587 1546 accipere
605 1501 674 1534 aut
694 1509 923 1545 quemquam
946 1497 1026 1544 pati
1051 1496 1264 1533 cautionem
1286 1507 1395 1531 suam
1424 1507 1601 1532 renovare
1625 1495 1696 1532 sub
1720 1508 1816 1543 pena
1840 1500 1880 1532 et

422 1557 565 1594 mulcta
577 1556 804 1604 imponenda
815 1567 860 1592 ex
870 1555 1026 1592 arbitrio
1039 1555 1226 1591 dictorum
1239 1554 1531 1591 vicecancellarii
1544 1557 1584 1591 et
1596 1558 1877 1602 procuratorum

422 1615 488 1652 sed
506 1614 600 1652 bene
616 1615 728 1651 liceat
743 1614 955 1651 cautionem
973 1613 1126 1649 domino
1142 1612 1295 1650 reddere
1312 1614 1471 1661 pecunia
1486 1617 1639 1662 accepta

330 1677 428 1713 Item
461 1674 679 1712 conceditur
710 1678 753 1710 vt
780 1673 911 1710 doctor
935 1673 1071 1720 Smyth
1093 1673 1419 1710 vicecancellarius
1443 1673 1582 1709 habeat
1609 1673 1878 1710 authoritatem

423 1733 570 1770 locandi
597 1732 776 1780 magistro
801 1733 926 1769 Bacon
953 1734 1022 1768 aut
1047 1731 1112 1767 alii
1140 1735 1265 1767 vestro
1292 1731 1444 1769 nomine
1471 1731 1578 1778 equis
1603 1731 1881 1768 conditionibus

424 1793 621 1830 rectoriam
638 1793 685 1829 de
703 1792 861 1828 Burwell
878 1803 965 1828 cum
989 1790 1232 1838 appropriata
1255 1790 1369 1827 fuerit
1393 1791 1447 1827 sic
1469 1794 1597 1827 tamen
1620 1793 1663 1827 vt
1686 1803 1732 1827 ne
1753 1791 1880 1827 minus

424 1851 473 1889 ad
505 1850 765 1888 achademiam
798 1850 886 1887 inde
918 1850 1116 1897 proveniat
1148 1849 1238 1885 clari
1271 1849 1387 1885 annui
1421 1849 1558 1885 valoris
1583 1860 1698 1897 quam
1724 1849 1882 1896 triginta

424 1910 519 1947 libre
535 1922 601 1958 per
616 1921 760 1946 annum
784 1913 824 1946 et
839 1908 940 1957 quod
958 1908 997 1944 in
1015 1907 1297 1944 condicionibus
1319 1907 1550 1944 ascribendis
1572 1910 1703 1944 vtatur
1725 1908 1880 1945 consilio

424 1970 621 2007 doctorum
646 1968 782 2016 Tayler
809 1968 948 2004 Parker
972 1970 1011 2003 et
1039 1966 1206 2014 Wendye
1234 1971 1274 2003 et
1299 1966 1469 2013 magistri
1499 1965 1727 2013 Swynborne
1751 1970 1820 2003 aut
1847 1968 1878 2004 si

425 2029 562 2076 aliquis
584 2028 719 2065 horum
748 2027 912 2064 abfuerit
941 2029 984 2062 vt
1011 2029 1183 2063 assumat
1210 2037 1338 2062 eorum
1367 2025 1446 2062 loco
1471 2025 1566 2062 duos
1593 2025 1686 2062 alios
1714 2026 1881 2073 presides

425 2088 663 2135 collegiorum
686 2091 755 2123 aut
780 2085 950 2122 doctores
976 2088 1016 2121 et
1038 2084 1237 2121 indenture
1262 2083 1350 2120 inde
1375 2084 1473 2120 facte
1494 2083 1598 2131 prius
1622 2096 1746 2121 coram
1775 2085 1882 2122 vobis

426 2147 599 2194 legantur
622 2150 662 2182 et
685 2145 819 2182 deinde
843 2144 964 2192 sigillo
988 2144 1177 2180 communi
1203 2142 1415 2190 sigillentur

335 2244 432 2281 Item
459 2243 516 2291 iij⁰
540 2242 667 2279 Martii
696 2245 787 2278 1544
812 2252 1029 2278 concessum
1054 2242 1114 2277 est
1133 2239 1276 2276 doctori
1300 2239 1452 2287 Harvye
1469 2242 1511 2276 vt
1535 2239 1655 2287 possit
1678 2238 1809 2276 abesse
1833 2240 1882 2277 ab

427 2301 602 2340 omnibus
618 2301 785 2349 exequiis
802 2300 928 2338 missis
943 2303 983 2338 et
999 2297 1347 2348 congregationibus
1363 2310 1408 2336 ex
1423 2300 1570 2335 statuto
