2046 3224
336 203 392 244 42
917 214 1067 246 emon:
1097 213 1221 245 BooK
1253 213 1282 245 Δ
1659 198 1879 257 [1546-47

335 315 435 352 Item
451 316 669 353 conceditur
682 317 834 353 domino
851 316 986 353 Clarke
1002 320 1046 353 ut
1067 328 1202 353 novem
1220 317 1372 353 termini
1394 320 1483 363 post
1502 315 1651 352 finalem
1667 315 1748 351 eius
1763 314 1883 351 deter-

429 375 672 412 minationem
696 377 735 412 in
758 376 898 423 quibus
918 376 1096 412 lectiones
1118 376 1326 412 ordinarias
1351 375 1499 411 audiuit
1517 374 1607 410 licet
1629 386 1704 410 non
1729 373 1882 410 omnino

428 434 634 470 secundum
650 434 809 470 formam
832 435 968 470 statuti
991 446 1076 470 cum
1099 434 1223 470 tribus
1244 433 1549 481 responsionibus
1571 433 1760 469 sufficiant
1779 431 1813 468 ei
1835 430 1883 467 ad

430 491 684 539 incipiendum
710 492 749 528 in
774 492 921 528 artibus

336 551 478 587 Eadem
498 552 618 598 gratia
633 552 680 588 de
697 551 809 587 verbo
826 552 865 588 in
882 551 1038 588 verbum
1056 551 1273 588 conceditur
1287 551 1451 588 dominis
1469 550 1638 587 Pollarde
1654 549 1830 596 Townley
1846 550 1885 584 et

432 610 563 647 Ebden

181 869 205 906 f.
231 868 319 906 188.
340 870 437 906 Item
470 869 687 905 conceditur
719 868 871 904 domiuo
906 868 1054 916 Pynder
1086 872 1127 905 vt
1159 881 1294 905 novem
1325 869 1478 905 termini
1512 872 1597 916 post
1629 869 1778 904 finalem
1807 868 1888 904 eius

431 928 784 965 determinationem
821 928 861 963 in
894 927 1032 974 quibus
1064 927 1242 964 lectiones
1273 927 1482 963 ordinarias
1514 927 1662 964 audiuit
1693 927 1781 963 licet
1812 938 1887 962 non

431 989 585 1023 omnino
613 986 819 1023 secundum
849 987 1009 1023 formam
1037 987 1175 1023 statuti
1207 998 1294 1022 cum
1327 986 1450 1022 tribus
1477 986 1782 1034 responsionibus
1811 987 1887 1022 suf·

432 1047 562 1082 ficiant
589 1046 623 1082 ei
652 1045 700 1082 ad
730 1045 985 1092 incipiendum
1018 1045 1058 1081 in
1091 1045 1238 1081 artibus

338 1105 479 1141 Eadem
503 1105 626 1151 gratia
649 1104 696 1140 de
721 1104 834 1141 verbo
858 1105 896 1140 in
923 1104 1079 1141 verbum
1105 1104 1322 1140 conceditur
1345 1103 1498 1140 domino
1522 1104 1771 1140 Grenewoode

340 1165 437 1201 Item
466 1164 684 1200 conceditur
711 1164 864 1200 domino
893 1164 1061 1200 Thewles
1081 1165 1132 1199 ‘vt
1163 1175 1297 1199 novem
1326 1163 1478 1199 termini
1512 1166 1599 1210 post
1631 1163 1780 1199 finalem
1809 1163 1890 1199 eius

432 1222 783 1259 determinationem
820 1223 859 1258 in
896 1223 1034 1270 quibus
1073 1222 1250 1258 lectiones
1283 1221 1491 1258 ordinarias
1526 1222 1675 1258 audiuit
1712 1221 1777 1258 sed
1814 1233 1888 1257 iron

433 1282 639 1319 secundum
656 1282 814 1318 formam
837 1283 974 1318 statuti
997 1294 1084 1318 cum
1106 1281 1230 1317 tribus
1252 1280 1556 1328 responsionibus
1577 1281 1766 1317 sufficiant
1785 1281 1819 1317 ei
1841 1281 1889 1317 ad

434 1339 689 1387 incipiendum
706 1340 745 1376 in
764 1340 910 1375 artibus

339 1399 481 1435 Eadem
498 1399 619 1445 gratia
635 1398 681 1434 de
698 1398 811 1434 verbo
828 1398 867 1434 in
885 1397 1041 1434 verbum
1057 1397 1274 1434 conceditur
1289 1397 1442 1434 domino
1458 1398 1659 1445 Atkynson

341 1458 438 1494 Item
461 1457 679 1494 conceditur
700 1457 852 1494 domino
875 1456 1108 1504 Standysshe
1131 1460 1173 1492 vt
1195 1468 1327 1492 novem
1352 1457 1505 1492 termini
1526 1460 1614 1504 post
1637 1457 1786 1493 finalem
1809 1457 1890 1493 eius

433 1517 785 1553 determinationem
811 1516 850 1552 in
873 1515 1012 1563 quibus
1034 1516 1212 1552 lectiones
1234 1515 1442 1551 ordinarias
1458 1515 1606 1552 audiuit
1622 1528 1689 1563 per
1711 1517 1889 1552 maiorem

434 1578 580 1622 partem
606 1575 644 1610 in
671 1577 753 1610 toto
776 1586 863 1610 cum
889 1574 1013 1610 tribus
1038 1574 1342 1621 responsionibus
1366 1575 1555 1611 sufficiant
1579 1575 1613 1610 ei
1638 1575 1686 1611 ad
1711 1575 1889 1622 incipien-

435 1633 526 1669 dum
549 1634 588 1669 in
613 1633 760 1669 artibus

343 1693 427 1728 Vna
450 1704 537 1728 cum
566 1692 626 1728 his
651 1692 792 1739 incepit
817 1691 993 1728 dominus
1018 1691 1151 1728 Sadlar
1174 1691 1221 1728 de
1246 1692 1398 1738 collegio
1425 1692 1551 1739 Regali

476 1925 697 1967 Numerus
728 1923 974 1982 regentium
1009 1923 1140 1966 huius
1170 1923 1273 1966 anni
1297 1923 1431 1980 juxta
1460 1923 1759 1967 senioritatem

654 2029 665 2052 ¹
675 2028 864 2064 Barnarde
1364 2028 1484 2065 Kelke

674 2087 911 2135 Pylkyngton
1359 2086 1587 2123 Grenwoode

674 2145 850 2182 Bonskell
1360 2145 1508 2192 Pynder

676 2205 799 2241 Beane
1360 2204 1561 2251 Atkynson

676 2263 865 2311 Percyvell
1360 2263 1487 2300 Rooke

677 2321 844 2358 Pollarde
1362 2320 1548 2369 Dylcocke

673 2380 848 2428 Townley
1359 2379 1492 2416 Olerke

676 2439 806 2476 Ebden
1360 2439 1592 2487 Standysshe

675 2498 848 2546 'rhewlyn
1359 2497 1490 2534 Sadler

956 2655 1008 2698 In
1040 2654 1134 2698 iure
1165 2654 1286 2698 ciuili

348 2758 391 2794 ln
419 2758 550 2805 primia
574 2757 792 2795 conceditur
814 2757 1011 2794 Francisco
1038 2757 1262 2794 Momforthe
1287 2759 1328 2794 vt
1349 2757 1518 2794 studium
1541 2761 1625 2794 octo
1646 2768 1830 2795 annorum
1854 2757 1892 2793 in

434 2818 519 2864 jure
544 2818 646 2855 ciuili
670 2818 833 2855 sufficiat
857 2818 890 2854 ei
917 2816 964 2854 ml
991 2816 1208 2854 intrandum
1236 2817 1273 2853 in
1299 2817 1428 2854 eodem
1448 2816 1533 2865 jure

434 2911 443 2932 ¹
468 2912 579 2945 'rhene
596 2921 716 2946 numen
731 2922 788 2946 are
805 2913 938 2945 written
956 2912 1123 2955 nidewsyn
1138 2911 1242 2954 along
1258 2912 1317 2946 tho
1333 2912 1465 2946 bottom
1481 2911 1563 2954 edge
1579 2912 1618 2944 or
1631 2912 1675 2945 fo.
1699 2913 1738 2947 17
1756 2912 1786 2946 b.
