1976 3276
309 183 392 224 264
888 192 1040 224 GRACE
1071 191 1193 223 BOOK
1227 192 1256 222 Δ
1635 180 1856 238 [1572-73

402 296 504 333 illius
536 297 644 333 valde
677 297 884 334 necessaria
919 296 1109 333 iudicatur
1140 296 1399 344 egrotantibus
1434 297 1597 333 maxime
1632 295 1860 344 pauperibus

404 356 467 391 Ita
491 359 620 392 tamen
645 359 688 392 vt
711 359 801 392 ante
825 355 1068 391 traditionem
1093 355 1281 392 dictarum
1305 356 1499 392 literarum
1524 359 1735 392 vestrarum
1761 356 1859 391 iura-

402 417 574 450 mentum
596 418 740 462 prestet
758 414 805 450 de
826 426 1002 461 suprema
1024 415 1123 461 regie
1145 414 1356 450 maiestatis
1378 415 1604 451 auctoritate
1627 413 1860 461 agnoscenda

402 473 510 508 iuxta
525 476 715 509 statutum
737 473 850 508 huius
866 472 970 518 regni
987 472 1123 519 Anglie
1139 472 1227 508 inde
1243 472 1389 508 editum
1406 476 1445 508 et
1461 472 1632 508 articulis
1648 471 1861 508 subscribat

403 531 443 566 in
462 531 688 567 Londinensi
706 531 838 567 sinodo
854 543 953 567 anno
972 533 1064 567 1562
1081 530 1335 578 comprobatis

309 590 537 626 Conceditur
564 594 611 626 24
639 590 809 627 Januarii
836 590 1016 637 magistro
1045 590 1229 626 Edwardo
1258 590 1420 637 Dodyng
1445 593 1487 626 vt
1517 590 1686 626 studium
1719 589 1862 638 [blank]

403 662 589 686 annorum
618 650 657 685 in
690 649 876 686 medicina
907 652 1111 696 postquam
1143 649 1281 685 rexerit
1312 650 1352 685 in
1381 649 1528 685 artibus
1561 649 1723 685 sufficiat
1750 650 1785 685 ei
1813 649 1861 685 ad

404 709 689 756 practicandum
721 709 761 745 in
794 709 923 745 eadem
956 709 1138 745 facultate
1165 710 1219 745 sic
1247 712 1291 746 vt
1322 709 1404 745 eius
1432 709 1598 746 erudicio
1626 712 1665 745 et
1697 709 1863 755 cognicio

404 768 635 815 approbetur
666 781 732 816 per
759 768 930 805 doctores
960 768 1131 805 Hatcher
1157 771 1197 805 et
1230 769 1402 804 Barrowe
1429 772 1469 805 et
1497 781 1563 816 per
1589 781 1706 805 vnum
1733 780 1862 805 eorum

404 832 642 876 presentetur
665 831 704 865 et
728 841 841 876 super
865 829 936 865 hac
957 832 1084 865 vestra
1107 829 1345 865 concessione
1368 829 1498 864 literas
1522 828 1660 864 habeat
1681 828 1864 875 sigillatas

404 888 526 935 sigillo
550 890 676 924 vestro
700 887 891 924 communi
941 888 1186 924 Presentatus
1210 900 1277 935 per
1300 887 1491 924 doctorem
1516 888 1688 924 Barrowe

875 1177 1040 1220 Doctor
1070 1177 1115 1219 in
1147 1177 1366 1220 medicina

311 1305 539 1343 Conceditur
576 1308 621 1342 16
655 1304 872 1341 Decembris
910 1305 1091 1352 magistro
1126 1305 1326 1352 Radulpho
1358 1304 1581 1352 Wilkynson
1615 1307 1658 1341 vt
1694 1305 1864 1342 studium

406 1368 427 1404 7
457 1378 641 1402 annorum
674 1367 715 1402 in
743 1365 930 1402 medicina
956 1368 1158 1413 postquam
1186 1365 1324 1401 rexerit
1356 1365 1396 1400 in
1428 1364 1576 1401 artibus
1604 1377 1690 1401 cum
1718 1365 1864 1412 opposi-

405 1426 573 1463 tionibus
592 1426 899 1474 responsionibus
921 1428 961 1462 et
980 1426 1064 1462 aliis
1086 1425 1274 1461 exercitiis
1296 1437 1363 1472 per
1384 1427 1532 1461 statuta
1554 1425 1748 1472 requisitis
1764 1425 1864 1462 suffi-

404 1486 481 1523 ciat
504 1487 538 1522 ei
563 1485 611 1522 ad
636 1486 892 1534 incipiendum
917 1486 956 1522 in
981 1485 1111 1522 eadem
1139 1485 1321 1521 facultate
1370 1485 1614 1521 Presentatus
1639 1485 1768 1521 eodem
1798 1497 1866 1533 per

404 1547 594 1583 doctorem
621 1545 771 1594 Lorkyn

762 1827 1071 1872 Bacchalaurei
1104 1828 1149 1870 in
1180 1828 1274 1871 iure
1305 1827 1421 1871 civili

310 1952 538 1990 Conceditur
564 1956 586 1991 6
615 1954 744 1991 Martii
774 1955 882 1991 Edm.
916 1955 1163 1992 Moundeford
1190 1959 1232 1991 vt
1258 1955 1427 1992 studium
1457 1959 1476 1993 7
1503 1967 1687 1992 annorum
1717 1955 1756 1991 in
1785 1955 1866 1991 iure

405 2013 505 2049 civili
534 2025 620 2049 cum
654 2013 958 2061 opposicionibus
990 2018 1050 2051 etc
1083 2014 1245 2051 sufficiat
1272 2015 1306 2051 ei
1335 2015 1383 2051 ad
1417 2014 1635 2051 intrandum
1667 2015 1706 2050 in
1735 2013 1863 2051 eodem

404 2070 484 2106 iure
509 2070 563 2106 sic
587 2074 629 2107 vt
654 2075 779 2108 vestra
802 2073 1029 2109 auctoritate
1054 2072 1277 2120 respondeat
1302 2072 1340 2108 in
1367 2071 1502 2108 habitu
1527 2071 1784 2108 bacchalaurei

311 2130 452 2166 Eadem
477 2130 598 2177 gratia
623 2131 840 2167 conceditur
863 2131 992 2168 eodem
1019 2132 1128 2168 Petro
1150 2131 1359 2179 Wythipoll
1381 2136 1420 2168 et
1445 2144 1530 2168 cum
1556 2132 1682 2168 studio
1705 2134 1727 2168 6
1749 2143 1863 2168 anno-

404 2201 488 2225 rum
516 2189 687 2226 Mattheo
713 2190 976 2227 Doddisworth
1003 2191 1153 2238 Hugoni
1180 2191 1304 2239 Graye
1328 2191 1385 2228 Jo.
1413 2191 1563 2228 Carleill

312 2248 453 2285 Eadem
470 2249 592 2295 gratia
607 2249 825 2286 conceditur
847 2253 892 2286 10
908 2250 1051 2297 Aprilis
1067 2250 1232 2297 Josepho
1252 2250 1404 2299 Heynes
1420 2254 1459 2286 et
1475 2250 1498 2286 J
1502 2262 1532 2288 o.
1554 2250 1663 2287 Hone
1713 2251 1863 2287 Presen-

406 2308 477 2344 tati
495 2320 562 2355 per
576 2308 767 2345 doctorem
787 2309 917 2357 Harvy

808 2590 1017 2635 Doctores
1048 2590 1091 2634 in
1124 2590 1219 2635 iure
1249 2589 1367 2635 civili

313 2719 540 2758 Conceditur
564 2723 586 2756 5
614 2719 830 2757 Decembris
860 2720 1039 2768 magistro
1065 2719 1192 2757 Barth.
1217 2719 1351 2756 Clerke
1376 2723 1418 2756 vt
1439 2718 1609 2756 studium
1634 2721 1654 2758 7
1677 2730 1860 2756 annorum

408 2781 447 2817 in
470 2780 551 2817 iure
566 2780 666 2817 civili
690 2782 889 2828 postquam
909 2780 1045 2816 rexerit
1065 2780 1103 2816 in
1121 2778 1268 2816 artibus
1284 2791 1370 2816 oum
1394 2777 1696 2827 opposicionibus
1712 2790 1860 2827 respon-

407 2839 577 2876 sionibus
598 2843 638 2876 et
659 2839 744 2877 aliie
765 2838 952 2876 exercitiis
974 2849 1041 2886 per
1056 2840 1204 2875 statuta
1221 2838 1413 2885 requisitis
1435 2838 1597 2875 sufficiat
1613 2838 1646 2874 ei
1664 2837 1710 2874 ad
1733 2837 1861 2885 incipi-

407 2900 546 2936 endum
566 2900 604 2936 in
621 2899 750 2936 codem
770 2899 850 2936 iure
902 2899 1144 2936 Presentatim
1161 2910 1227 2946 per
1238 2898 1427 2935 doctorem
1447 2898 1579 2935 Clerke
1596 2898 1724 2935 eodem
