2008 3294
125 213 345 270 1581—82]
709 222 861 255 omen
891 222 1014 255 BOOK
1045 222 1075 254 Δ
1580 208 1664 252 357

119 327 347 364 Conceditur
374 328 507 364 vltimo
542 327 670 363 Martii
699 330 742 363 vt
767 326 947 373 magister
974 325 1106 362 doctor
1138 324 1269 371 Harvy
1297 323 1476 369 magister
1507 321 1668 369 Tyndall

215 387 384 434 magistri
412 387 614 434 Wingfeild
644 385 754 422 Rudd
785 389 823 422 et
850 384 993 421 Woodd
1022 383 1100 419 sint
1127 382 1273 430 judices
1301 381 1459 428 delegati
1490 381 1527 416 in
1558 391 1670 415 causa

216 445 482 492 appellacionis
515 444 685 491 magistri
718 447 758 480 et
786 444 971 480 sociorum
1000 442 1084 478 aule
1118 442 1299 477 Katerine
1326 441 1380 476 sic
1408 443 1451 476 vt
1479 439 1516 475 id
1546 442 1671 474 vestra

215 505 440 540 auctoritate
464 507 591 540 ratum
615 503 800 540 habeatur
821 502 920 550 quod
947 501 1066 538 maior
1087 512 1174 548 pars
1195 511 1324 536 eorum
1347 498 1552 535 decreverit
1573 497 1671 533 infra

216 564 343 600 decem
359 564 440 600 dies
457 564 644 611 proximos
660 566 860 610 sequentes

125 623 354 659 Conceditur
376 625 398 658 :3
419 623 561 670 Aprilis
610 622 706 659 Cum
731 622 860 669 gratiae
885 633 959 657 non
985 621 1039 656 ita
1062 620 1207 668 pridem
1229 631 1252 655 a
1272 618 1378 655 vobis
1401 628 1573 654 concesse
1598 627 1672 652 non
1691 614 1716 651 f.
1743 613 1818 650 138
1839 626 1863 649 a

217 681 409 718 sufficiunt
430 681 636 728 incepturis
656 681 694 716 in
716 680 862 716 artibus
878 680 925 715 ad
947 679 1012 715 illa
1027 679 1204 714 exercitia
1223 677 1446 714 scholastica
1464 675 1674 724 peragenda

218 753 292 787 que
317 753 384 788 per
409 743 556 777 statuta
582 744 707 776 vestra
732 739 978 786 requiruntur
1005 739 1128 786 placet
1153 737 1259 774 vobis
1285 740 1328 773 vt
1354 739 1479 784 preter
1504 744 1674 782 tempora

217 812 391 836 concessa
406 800 517 836 liceat
534 801 581 836 iis
597 799 646 835 ab
663 799 755 835 hora
772 810 871 835 nona
887 797 1183 834 antemeridiana
1200 797 1247 833 ad
1264 796 1500 832 vndecimam
1517 795 1672 830 alteram

218 860 516 907 disputacionem
546 859 745 896 instituere
773 862 812 895 et
841 859 1016 906 perficere
1041 861 1080 894 et
1108 858 1266 893 alteram
1293 856 1342 892 ab
1370 856 1462 892 hora
1489 855 1601 891 tertia
1627 854 1674 890 ad

218 919 390 966 quintam
428 919 723 967 pomeridianam
761 917 967 954 secundum
1003 917 1161 953 formam
1195 915 1333 952 statuti
1368 915 1423 951 ita
1457 914 1558 961 quod
1593 925 1674 961 pro-

219 982 435 1016 curatorum
468 979 564 1015 alter
596 982 635 1014 et
667 977 896 1014 bedellorum
926 988 1023 1012 vnus
1051 976 1202 1012 intersit
1230 979 1269 1011 et
1297 975 1375 1010 sint
1408 977 1599 1022 presentes
1627 972 1675 1008 ad

220 1038 419 1075 minimum
443 1038 571 1074 decem

127 1097 353 1134 Conceditur
381 1100 403 1134 6
430 1097 573 1144 Aprilis
600 1100 643 1133 vt
671 1096 832 1133 Michael
860 1095 990 1132 woulr
1019 1094 1157 1131 habeat
1185 1094 1314 1131 literas
1343 1094 1527 1141 sigillatas
1556 1093 1677 1139 sigillo

221 1160 345 1194 vestro
373 1156 563 1192 communi
596 1167 709 1203 super
736 1155 973 1191 concessione
1002 1158 1127 1190 vestra
1156 1165 1223 1201 pro
1253 1153 1468 1189 venditione
1499 1152 1575 1188 vini
1605 1151 1677 1187 sibi

223 1227 395 1252 concesse
443 1215 584 1252 Eadem
608 1216 730 1262 gratia
753 1215 971 1251 conceditur
998 1218 1041 1250 18
1066 1214 1089 1250 J
1093 1214 1173 1250 unii
1198 1213 1255 1249 J0.
1284 1212 1481 1249 Edmunds

129 1275 355 1312 Conceditur
376 1277 420 1311 18
441 1276 532 1311 Maii
550 1279 592 1311 vt
612 1275 791 1322 magister
811 1274 996 1322 Drywood
1015 1274 1249 1310 substitutus
1265 1273 1317 1309 sit
1333 1275 1372 1308 et
1388 1272 1563 1319 suppleat
1580 1272 1679 1307 vices

221 1333 390 1379 magistri
410 1333 632 1380 Wingefeild
655 1333 813 1369 oratoris
836 1344 935 1368 nunc
958 1344 1024 1380 per
1048 1332 1250 1378 Regineam
1274 1331 1510 1366 maiestatem
1534 1330 1677 1365 evocati

222 1391 270 1427 ad
296 1391 605 1438 proficiscendum
630 1391 703 1427 vna
730 1402 816 1427 cum
842 1390 995 1427 domino
1019 1389 1305 1436 Whillowghbie
1331 1388 1379 1425 ad
1406 1400 1529 1436 regem
1559 1388 1680 1424 Danie

224 1451 346 1497 legato
369 1450 564 1498 designato

132 1510 359 1547 Conceditur
383 1510 513 1547 eodem
539 1510 691 1546 domino
718 1510 883 1546 Simeoni
915 1509 1067 1546 Haietio
1094 1509 1232 1545 Boemo
1258 1520 1379 1555 nuper
1404 1508 1464 1544 hic
1490 1507 1591 1554 apud
1616 1518 1682 1542 vos

225 1572 399 1617 cooptato
427 1570 466 1605 in
496 1569 665 1606 ordinem
695 1569 1046 1606 bacchalaureorum
1075 1569 1114 1605 in
1144 1568 1290 1605 artibus
1319 1572 1360 1604 vt
1389 1567 1527 1604 habeat
1555 1567 1684 1603 literas

225 1629 361 1676 gradus
385 1629 444 1665 sui
469 1629 686 1676 obsignatas
709 1629 830 1676 sigillo
855 1632 978 1665 vestro
1003 1629 1193 1665 communi
1217 1628 1436 1664 deferendas
1459 1627 1499 1662 in
1522 1626 1684 1674 patriam

227 1700 335 1725 suam

134 1748 361 1784 Conceditur
377 1752 420 1784 vt
440 1748 548 1784 litere
570 1748 681 1784 modo
702 1742 798 1784 lecte
819 1747 1032 1794 sigillentur
1052 1747 1173 1794 sigillo
1191 1750 1315 1783 vestro
1332 1745 1522 1782 communi
1543 1745 1686 1780 scilicet

227 1819 251 1844 a
268 1807 352 1854 (sic)
369 1807 606 1843 Theodorum
625 1807 759 1844 Bezam

135 1867 362 1904 Conceditur
385 1870 430 1903 14
446 1867 469 1903 J
473 1867 552 1904 unii
570 1871 612 1903 vt
634 1867 813 1914 magister
835 1866 1044 1903 Gwalterus
1063 1866 1087 1902 J
1090 1878 1180 1902 ones
1202 1865 1377 1913 suppleat
1394 1865 1494 1901 vices
1516 1863 1686 1910 magistri

233 1925 405 1962 Edwardi
424 1926 571 1963 Holdeu
588 1927 629 1962 in
645 1926 870 1974 prelectione
886 1926 1143 1974 philosophica
1159 1937 1226 1973 pro
1242 1937 1342 1961 anno
1356 1925 1529 1972 sequenti

138 1984 364 2022 Conceditur
395 1987 439 2021 18
465 1985 572 2021 Junii
599 1987 642 2021 vt
667 1984 934 2021 determinacio
961 1985 1010 2021 ad
1036 1997 1152 2032 quam
1178 1987 1330 2021 tenetur
1355 1985 1534 2031 magister
1558 1983 1689 2020 doctor

232 2044 377 2091 Norgat
399 2044 544 2080 ratione
568 2045 705 2092 gradus
729 2045 787 2081 sui
813 2045 977 2092 suscepti
1003 2045 1124 2092 possit
1147 2044 1288 2081 differri
1313 2045 1351 2080 in
1377 2044 1590 2091 proximum
1615 2049 1687 2080 ter-

232 2103 378 2139 minum
407 2103 498 2150 quia
529 2104 605 2140 iam
633 2103 700 2140 diu
733 2104 864 2140 morbo
895 2104 998 2151 gravi
1031 2104 1238 2152 impeditus
1270 2104 1374 2140 illam
1406 2104 1581 2151 perficere
1614 2117 1688 2140 non

233 2165 358 2209 potest
382 2165 470 2199 ante
494 2163 647 2199 comitia
671 2164 841 2211 proxima
865 2165 919 2200 sic
943 2168 986 2200 vt
1013 2164 1116 2200 illam
1142 2164 1310 2212 proximo
1335 2164 1497 2199 termino
1521 2165 1691 2211 perficiat

233 2221 305 2258 sub
328 2234 426 2270 pena
450 2222 516 2258 xls
539 2223 620 2259 sine
644 2223 811 2260 vlteriori
835 2224 1019 2261 dilacione

141 2281 368 2318 Conceditur
390 2284 435 2317 22
452 2282 558 2318 Junii
582 2286 625 2318 vt
646 2283 817 2330 magistri
839 2283 1010 2320 doctores
1032 2283 1131 2331 Styll
1154 2283 1260 2319 Goad
1283 2282 1394 2318 Some
1415 2286 1454 2318 et
1478 2283 1630 2330 Harvye
1652 2288 1691 2318 et

234 2341 412 2436 rgagisger
440 2340 520 2377 Hill
549 2341 628 2377 sint
650 2341 797 2388 judices
825 2342 985 2389 delegati
1015 2343 1055 2378 in
1084 2353 1197 2378 causa
1225 2342 1491 2389 appellacionis
1522 2343 1690 2388 magistri

275 2411 350 2435 oun
378 2411 399 2436 e
