2008 3294
160 713 185 751 f.
212 713 284 751 151
308 727 333 751 a

350 229 436 271 406
931 236 1083 269 emor:
1112 236 1237 268 BOOK
1268 236 1298 267 Δ
1674 223 1894 281 [1586-87

961 728 1289 786 [1586—1587]

350 883 511 926 Gratiae
552 883 643 926 sive
682 883 922 941 peticiones
956 898 1155 927 concesse
1190 883 1237 926 in
1272 883 1403 940 plena
1438 881 1772 940 congregacione
1813 880 1897 922 Re-

464 955 664 1012 gentium
716 961 761 997 et
812 969 897 997 non
949 954 1215 1012 Regentium
1261 969 1287 996 a
1332 954 1440 996 festo
1486 951 1624 995 sancti
1671 950 1898 994 Michaelis

464 1025 713 1082 archangeli
759 1040 872 1068 anno
922 1025 1088 1068 domini
1135 1026 1248 1068 1586
1296 1039 1432 1081 vsque
1477 1023 1593 1066 idem
1639 1023 1797 1066 festum
1844 1037 1897 1065 ex

466 1103 572 1139 tunc
615 1096 811 1154 proxime
855 1111 1041 1153 sequens
1085 1095 1260 1139 domino
1303 1095 1334 1139 J
1338 1095 1508 1138 ohanne
1551 1093 1736 1151 Copcott
1779 1108 1897 1136 sacre

465 1167 682 1225 theologie
738 1168 973 1224 professore
1030 1166 1380 1209 vicecancellario
1435 1165 1654 1223 magistris
1705 1163 1898 1207 Antonio

467 1236 705 1294 Wingfeild
745 1237 935 1279 secundo
970 1242 1016 1279 et
1057 1236 1248 1279 Henrico
1285 1235 1391 1278 Farr
1424 1234 1774 1293 procuratoribus
1809 1248 1898 1276 ma-

463 1307 610 1364 gistris
662 1307 827 1363 [blank]
878 1307 1096 1363 magistris
1147 1306 1313 1363 [blank]
1364 1306 1596 1363 Robynson
1648 1311 1694 1348 et
1739 1303 1898 1349 Clarke

463 1374 734 1418 taxatoribus
775 1379 821 1417 et
863 1374 1068 1432 magistro
1109 1373 1311 1418 Mattheo
1352 1373 1512 1429 Stokys
1553 1371 1801 1430 registrario

347 1526 575 1563 Conceditur
598 1529 642 1563 12
666 1526 839 1564 Octobris
861 1531 904 1564 vt
926 1527 1103 1565 dominus
1125 1529 1437 1576 procancellarius
1458 1529 1628 1566 doctores
1651 1528 1770 1565 Fulke
1792 1528 1900 1576 Byng
1970 1575 1972 1577 ‚

441 1590 480 1623 et
509 1587 660 1634 Lorkyn
690 1587 862 1634 magistri
893 1587 1090 1635 Hampton
1117 1592 1156 1624 et
1185 1588 1330 1625 Sandes
1355 1589 1434 1625 sint
1460 1592 1575 1636 caput
1601 1590 1755 1624 senatus
1781 1587 1899 1623 futuri

442 1658 532 1681 anm

347 1704 575 1741 Conceditur
606 1708 650 1742 16
680 1704 900 1741 Decembris
924 1708 967 1741 vt
996 1706 1177 1753 magister
1205 1706 1395 1743 Martinus
1423 1705 1635 1753 Fotherbye
1658 1709 1698 1742 et
1723 1705 1902 1752 magister

442 1764 608 1800 Thomas
649 1764 768 1801 Mudd
802 1765 876 1800 vna
908 1776 994 1801 cum
1033 1764 1338 1812 procuratoribus
1374 1765 1454 1802 sint
1488 1765 1761 1801 examinatores
1793 1775 1901 1810 ques-

443 1823 684 1859 tionistarum
709 1823 823 1859 huius
844 1823 934 1859 anni
958 1823 1011 1859 sic
1034 1828 1078 1860 vt
1099 1835 1225 1860 coram
1249 1826 1384 1860 senatu
1407 1823 1586 1860 iuditium
1609 1827 1648 1860 et
1670 1823 1897 1859 sententiam

442 1882 565 1918 ferant
589 1882 629 1918 in
655 1882 732 1918 vim
758 1882 961 1919 iuramenti
986 1883 1092 1931 prius
1116 1883 1355 1920 vniuersitati
1380 1883 1530 1930 prestiti

347 1941 576 1978 Conceditur
598 1945 621 1978 3
637 1942 743 1978 Junii
771 1944 864 1979 1686
888 1942 1048 1979 Ricardo
1071 1942 1174 1990 King
1193 1946 1236 1979 vt
1260 1945 1304 1979 12
1326 1942 1478 1979 termini
1502 1942 1677 1990 completi
1700 1942 1739 1978 in
1762 1941 1901 1989 quibus

442 2001 621 2038 lectiones
657 2000 866 2038 ordinarias
901 2001 1049 2038 audivit
1085 2002 1172 2039 licet
1205 2014 1281 2038 non
1314 2002 1468 2039 omnino
1500 2001 1705 2039 secundum
1740 2002 1899 2038 formam

442 2059 579 2096 statuti
608 2071 694 2096 cum
724 2059 1025 2107 oppositionibus
1054 2060 1362 2108 responsionibus
1388 2060 1597 2108 ceterisque
1622 2061 1809 2098 exercitiis
1836 2072 1902 2108 per

443 2122 591 2155 statuta
627 2119 728 2166 regia
764 2120 958 2167 requisitis
994 2120 1184 2158 sufficiant
1220 2121 1254 2157 ei
1291 2121 1339 2158 ad
1376 2121 1677 2169 respondendum
1711 2121 1899 2168 questioni

444 2178 585 2215 Eadem
618 2179 742 2226 gratia
774 2180 993 2217 conceditur
1024 2180 1154 2217 eodem
1188 2180 1246 2217 Jo.
1283 2180 1422 2229 Buttys
1482 2183 1529 2217 20
1562 2180 1653 2217 Maii
1686 2181 1795 2218 Geor.
1829 2181 1901 2217 Lee

442 2238 533 2275 Tho.
568 2238 718 2286 Hoopes
776 2241 822 2275 28
851 2239 958 2276 Junii
989 2239 1183 2287 Bostoquo
1214 2239 1360 2287 Knight
1417 2242 1440 2276 6
1464 2239 1557 2277 Julii
1588 2239 1678 2276 Tho.
1707 2239 1898 2276 Dikenson

446 2296 603 2332 Ricardo
628 2297 811 2334 Stranson
836 2302 875 2334 et
902 2297 1060 2334 Rieardo
1085 2297 1280 2346 Shephard

347 2355 438 2392 Coll.
472 2355 548 2392 Tri.
583 2358 630 2393 30
691 2356 832 2393 Eadem
874 2357 998 2404 gratia
1033 2356 1252 2394 conceditur
1283 2369 1411 2394 mense
1447 2357 1639 2394 Februarii
1671 2369 1715 2394 ex
1748 2357 1900 2405 collegio

443 2414 643 2451 Trinitatis
663 2414 727 2451 W⁰
750 2415 953 2453 Butterton
979 2415 1154 2453 Michaeli
1180 2415 1305 2452 Smith
1332 2416 1438 2453 Geor.
1458 2415 1627 2453 Cradock
1649 2415 1757 2453 Edm.
1777 2415 1898 2464 Chap-

444 2484 530 2509 man
566 2473 628 2509 W⁰
660 2473 840 2523 Stukeley
874 2474 937 2510 W⁰
970 2474 1163 2522 Eglistone
1198 2474 1357 2511 Ricardo
1394 2474 1485 2522 lnge
1517 2473 1574 2511 Jo.
1611 2474 1755 2511 Furtho
1787 2474 1897 2511 Zach.

446 2531 603 2569 Paaflold
640 2532 733 2569 Hen.
770 2533 910 2580 Frogge
943 2532 1034 2570 Rob.
1073 2532 1196 2581 Philip
1225 2532 1288 2569 W⁰
1318 2532 1431 2570 Ward
1465 2533 1650 2570 Gwaloero
1683 2532 1759 2570 Gee
1791 2532 1897 2571 Geor.

444 2590 585 2628 Webbe
610 2591 705 2628 Heu.
731 2591 874 2640 Morley
892 2591 955 2628 W⁰
980 2592 1123 2629 Boorne
1148 2592 1252 2629 Rich.
1276 2592 1421 2629 Brewer
1442 2592 1500 2629 Jo.
1519 2591 1655 2629 Oawne
1680 2592 1756 2629 Pet.
1776 2592 1899 2630 Cooke

444 2649 610 2687 Gerar-do
646 2650 801 2687 Poetens
836 2650 997 2688 Roberto
1027 2651 1176 2699 Yonges
1211 2651 1287 2688 Ric.
1318 2651 1614 2699 Chamberleyne
1641 2651 1698 2688 J0.
1732 2650 1898 2699 Myldich

446 2709 558 2747 Mich.
587 2708 665 2746 Fan
697 2709 843 2746 Danieli
876 2709 1019 2758 Naylor
1050 2710 1141 2747 Rob.
1170 2710 1445 2757 Hetberington
1471 2710 1578 2747 Geor.
1605 2709 1742 2758 Smyth
1768 2710 1897 2748 Franc.

444 2770 599 2816 sim-gon
626 2767 731 2805 Edm.
761 2768 903 2805 Brooke
930 2768 1029 2806 Edw.
1058 2769 1228 2806 Bachiler

349 2828 440 2865 (mn.
470 2828 505 2866 d.
535 2828 592 2865 ἆυ.
624 2831 668 2866 27
730 2828 783 2865 Ex
816 2828 970 2876 collegio
1002 2828 1079 2866 divi
1113 2829 1300 2867 Johannis
1332 2829 1395 2866 W⁰
1429 2828 1630 2877 Robynson
1665 2829 1722 2865 Jo.
1760 2827 1899 2866 Lambe

446 2888 507 2923 W⁰
547 2887 667 2935 l'ochy
707 2888 768 2923 W⁰
805 2887 973 2925 Osborne
1016 2887 1078 2924 W⁰
1117 2888 1350 2926 Mottershed
1388 2888 1450 2925 W⁰
1493 2887 1622 2936 Baylie
1666 2887 1728 2924 W⁰
1765 2887 1900 2925 Gelder

444 2947 522 2983 dac.
557 2946 674 2994 Bnyte
708 2949 813 2983 (lc-or.
848 2946 999 2995 Boydoll
1034 2947 1124 2983 Tho.
1158 2947 1271 2984 melon
1308 2947 1401 2984 Heu.
1435 2947 1509 2983 Fox
1547 2946 1641 2983 Heu.
1673 2946 1791 2993 Crngg
1819 2946 1897 2984 Jac.
