2008 3216
319 133 404 174 158
900 140 1053 172 GRAcn
1083 140 1207 172 BOOK
1240 140 1271 171 Δ
1648 128 1869 184 [1561-62

158 250 184 287 f.
207 249 259 287 65
273 249 299 286 b
318 247 570 294 Dispensatur
593 249 616 283 9
644 246 737 282 Julii
766 257 853 281 cum
883 245 1064 291 magistro
1090 244 1262 280 Johnson
1295 255 1364 290 pro
1387 255 1559 279 sermone
1581 242 1630 278 ad
1656 243 1797 278 clerum
1823 241 1871 276 ad

412 317 527 352 quem
551 307 703 340 tenetur
726 304 781 339 sic
806 306 848 339 vt
873 303 995 338 solvat
1018 302 1258 338 Vniuersitati
1283 314 1331 337 xx
1344 313 1364 337 s

319 364 548 400 Conceditur
567 363 583 410 j
612 363 704 398 Maii
730 361 891 398 Ricardo
922 362 1062 407 Rogers
1094 360 1356 396 archidiacono
1380 358 1612 406 Assaphensi
1637 362 1680 394 vt
1703 358 1871 394 studium

413 437 437 460 x
456 435 642 460 annorum
665 424 705 459 in
725 422 912 468 theologia
936 425 1024 468 post
1045 421 1204 467 gradum
1225 419 1463 456 bachalaurei
1486 419 1526 454 in
1548 418 1694 454 artibus
1719 418 1873 455 Oxoniis

414 485 633 529 susceptum
666 493 753 517 cum
786 479 1088 527 oppositionibus
1121 478 1426 526 responsionibus
1458 477 1692 514 sermonibus
1719 480 1759 513 et
1790 477 1874 513 aliis

415 541 603 577 exercitiis
631 551 698 587 per
726 539 827 585 regia
860 541 1008 574 statuta
1031 538 1225 585 requisitis
1250 536 1484 584 perficiendis
1509 536 1607 572 infra
1635 548 1776 572 annum
1803 535 1875 572 sub

414 613 511 648 pena
535 600 580 636 11¹i
603 599 778 647 ponenda
806 599 845 634 in
871 597 1047 634 manibus
1071 601 1357 645 procuratorum
1382 599 1471 632 ante
1500 597 1581 632 eius
1609 595 1874 631 admissionem

414 660 576 696 sufficiat
593 660 626 695 ei
644 663 724 695 tam
741 658 790 695 ad
811 657 1078 705 opponendum
1101 669 1217 704 quam
1239 657 1287 692 ad
1305 656 1524 692 intrandum
1547 656 1587 691 in
1608 655 1739 691 eadem
1760 655 1875 691 facul-

414 723 494 755 tate
526 718 580 754 sic
613 721 742 753 tamen
766 720 809 753 vt
837 717 1067 752 admittatur
1094 719 1184 752 ante
1216 715 1370 751 comitia
1395 715 1566 762 proxima
1591 714 1811 750 convivetur
1834 714 1874 750 in

414 777 568 813 eiisdem
585 779 625 812 et
643 775 853 811 satisfaciat
869 775 1058 810 officiariis
1106 774 1308 810 Admissus
1324 774 1378 809 νιο
1394 773 1417 809 J
1420 773 1488 809 ulii
1504 772 1698 818 (forisfecit
1714 773 1846 820 mar-9.)

320 836 550 873 Conceditur
566 835 747 882 magistro
763 834 887 870 Alano
906 834 978 869 Par
995 837 1037 869 vt
1058 833 1230 869 studium
1246 833 1283 868 vi
1305 845 1489 868 annorum
1512 832 1552 868 in
1569 844 1674 868 sacra
1690 831 1877 878 theologia

414 900 618 943 postquam
643 895 780 931 rexerit
804 895 844 930 in
867 894 1015 930 artibus
1039 905 1126 930 cum
1151 892 1451 940 oppositionibus
1475 891 1780 939 responsionibus
1802 903 1876 927 vno

414 967 586 992 sermone
601 954 649 990 ad
669 954 852 1002 populum
869 956 909 990 et
930 954 1048 990 altere
1065 952 1113 989 ad
1130 964 1277 989 crucem
1295 952 1373 988 divi
1399 951 1504 988 Pauli
1522 963 1589 998 per
1610 951 1711 998 regia
1727 953 1876 987 statuta

416 1014 611 1061 requisitis
627 1017 666 1050 et
684 1025 757 1050 vno
774 1025 944 1049 sermone
961 1012 1009 1049 ad
1025 1013 1167 1048 clerum
1187 1011 1411 1059 perficiendo
1427 1011 1488 1047 die
1510 1010 1667 1047 Veneris
1684 1011 1723 1046 in
1740 1015 1877 1057 quarta

414 1073 628 1120 septimana
651 1072 818 1119 proxime
841 1071 1125 1118 quadragesime
1148 1071 1219 1107 sub
1241 1082 1338 1118 pena
1354 1070 1430 1117 iiij¹¹
1453 1070 1625 1117 ponenda
1641 1070 1681 1106 in
1701 1069 1877 1106 manibus

414 1136 700 1181 procuratorum
717 1135 806 1168 ante
823 1132 905 1168 eius
925 1131 1192 1168 admissionem
1215 1131 1377 1167 sufficiat
1398 1131 1432 1167 ei
1450 1134 1530 1166 tam
1546 1130 1594 1166 ad
1611 1129 1876 1178 opponendum

415 1204 532 1240 quam
549 1192 597 1228 ad
614 1192 835 1228 intrandum
852 1192 892 1228 in
909 1204 1015 1228 sacra
1032 1191 1219 1238 theologia
1236 1191 1395 1239 (peregit
1411 1191 1538 1227 omnia
1553 1190 1685 1239 mom-9.)

205 1256 303 1295 Θ
320 1252 418 1290 Vide
435 1252 504 1289 hoc
521 1252 671 1299 signum
689 1252 729 1288 in
746 1252 917 1299 proxima
933 1252 1072 1299 pagina

602 1500 827 1542 Numerus
857 1498 1265 1542 bacchalaureorum
1298 1498 1343 1541 in
1373 1497 1594 1556 theologia

584 1621 597 1644 ¹
605 1620 711 1667 Daye
1043 1619 1215 1656 Johnson
1454 1619 1594 1666 Rogers

606 1679 897 1727 Hetheryngton
1042 1685 1095 1715 m*
1112 1678 1259 1715 Burton
1455 1679 1528 1715 Par

607 1739 759 1775 Hutton
1039 1738 1183 1774 Garthe

620 1977 772 2021 Gratie
804 1977 920 2020 varie
951 1992 1037 2021 non
1068 1984 1374 2021 concernentes
1402 1978 1585 2036 gradum

321 2104 550 2142 Conceditur
581 2117 604 2140 x
637 2103 813 2141 Octobris
845 2107 888 2140 vt
921 2105 1100 2152 magister
1131 2105 1229 2142 Sene
1265 2105 1441 2154 suppleat
1473 2106 1573 2143 vices
1600 2106 1763 2154 junioris
1795 2120 1877 2156 pro-

417 2164 601 2200 curatoris
625 2164 664 2200 in
690 2164 760 2200 hoc
784 2164 968 2201 scrutinio
992 2167 1144 2201 tantum

323 2224 552 2261 Conceditur
573 2223 636 2271 xiij
656 2223 831 2261 Octobris
853 2227 896 2260 vt
917 2224 1090 2262 doctores
1114 2225 1231 2262 Perne
1256 2226 1374 2274 Porye
1389 2230 1429 2263 et
1451 2227 1622 2275 Gascoyn
1645 2229 1684 2264 et
1700 2228 1879 2275 magister

421 2283 538 2321 Ledes
559 2284 638 2320 sint
660 2283 802 2320 iudices
824 2284 984 2331 delegati
1002 2284 1042 2321 in
1061 2296 1175 2321 causa
1194 2286 1447 2323 controuersie
1466 2287 1607 2333 agitate
1629 2286 1728 2324 inter
1744 2287 1878 2335 magis-

419 2347 522 2379 trum
546 2342 739 2379 Badcocke
755 2346 795 2379 et
820 2342 1045 2390 magistrum
1062 2343 1342 2392 Worthyngton
1365 2345 1419 2382 sic
1441 2350 1484 2382 vt
1501 2346 1620 2382 maior
1642 2358 1729 2394 pars
1748 2358 1876 2384 eorum

417 2401 631 2438 consentiat

323 2460 552 2497 Conceditur
579 2460 710 2497 eodem
737 2464 780 2497 vt
806 2460 986 2507 magister
1011 2460 1133 2498 Baker
1158 2462 1371 2510 prepositus
1396 2462 1538 2510 collegii
1570 2463 1674 2511 Regii
1702 2466 1880 2513 magister

420 2519 606 2556 Beamont
622 2519 802 2565 magister
817 2518 959 2565 collegii
979 2519 1116 2556 Sancte
1133 2519 1334 2557 Trinitatis
1354 2521 1532 2568 magister
1549 2521 1684 2559 Stokes
1701 2523 1880 2571 magister

419 2577 560 2624 collegii
582 2577 771 2624 Reginalis
789 2578 968 2625 magister
986 2578 1165 2615 Hawford
1189 2579 1367 2626 magister
1382 2580 1525 2627 collegii
1542 2580 1684 2617 Christi
1702 2582 1880 2629 magister

422 2634 538 2671 Ledes
556 2634 733 2681 magister
749 2635 834 2671 aule
857 2635 966 2671 Clare
982 2640 1022 2672 et
1045 2636 1224 2683 magister
1247 2636 1377 2674 Ebden
1403 2637 1482 2674 sint
1499 2636 1639 2674 iudices
1655 2637 1812 2686 delegati
1838 2640 1876 2677 in

419 2706 533 2730 caum
561 2694 826 2742 aplmllationis
858 2694 906 2731 ob
938 2694 1119 2732 electione
1140 2696 1302 2743 junioris
1327 2697 1578 2744 procuratoris
1605 2697 1658 2734 ita
1691 2700 1733 2735 vt
1759 2699 1878 2736 maior

420 2765 507 2801 pars
523 2764 651 2789 eorum
669 2754 880 2791 consentiat
898 2755 993 2791 citra
1010 2755 1149 2792 festum
1167 2757 1288 2793 sancti
1308 2756 1406 2793 Luce
1422 2757 1648 2804 evangeliste
1666 2758 1875 2805 proximum

384 2853 393 2875 ¹
418 2852 531 2886 ‘rheno
555 2862 675 2886 nune·
698 2863 756 2886 ere
781 2853 916 2887 written
942 2854 977 2887 in
1002 2864 1067 2888 one
1090 2856 1230 2889 column
1254 2856 1359 2899 along
1384 2857 1442 2891 the
1465 2857 1598 2891 bottom
1623 2858 1661 2892 of
1682 2859 1705 2893 f.
1733 2861 1773 2893 66
1790 2870 1823 2896 a.
