2046 3224
181 151 400 209 1548-49]
762 160 916 194 omen:
946 159 1070 192 Boon
1101 159 1132 191 Δ
1674 146 1727 189 57

355 429 580 472 Numerus
609 425 1018 470 bacchalaureorum
1051 425 1096 468 in
1128 425 1297 468 artibus
1328 426 1459 469 huius
1490 425 1594 468 anni

731 496 856 539 iuxta
888 495 1184 538 senioritatem

477 590 490 613 ¹
499 589 624 625 Luson
1119 586 1279 634 Smythe

498 647 588 684 Hau
1119 645 1218 694 Glyn

494 705 518 741 J
521 705 658 741 osselin
1117 703 1268 740 Lafelde

498 763 643 810 Morley
1118 762 1335 810 Thompson
1354 762 1478 799 minor

497 821 688 859 Threlkell
1118 821 1299 858 Emer-son

500 881 611 918 Poole
804 875 811 879 ’
1120 880 1247 917 Sti-ete

496 941 640 978 Garthe
1118 939 1335 988 Thompson
1354 953 1425 978 ma.

499 1000 699 1048 Wyllayne
1116 999 1273 1047 Dakyns

500 1057 653 1095 Burdon
1117 1057 1270 1094 Alforde

500 1115 643 1153 Blande
1117 1115 1266 1163 Gyldon

499 1176 588 1223 May
1120 1175 1275 1222 Postgat

499 1234 725 1283 Babyngton
1121 1234 1288 1282 Kyddan

500 1293 636 1330 Stokes
1121 1292 1356 1342 Latheberye

499 1352 536 1388 N
538 1352 608 1387 oke
1120 1351 1276 1398 Dyrkyn

502 1410 706 1458 Robynson
1121 1410 1256 1447 Petrus
1275 1412 1478 1449 Perusinus

736 1627 1040 1670 Bacchalaurei
1065 1627 1178 1684 juris

187 1754 284 1790 Item
317 1754 533 1790 conceditur
557 1754 745 1790 Willelmo
775 1754 920 1790 Bulwer
946 1759 988 1790 vt
1013 1754 1181 1790 studium
1207 1758 1351 1801 septem
1376 1766 1562 1790 annorum
1588 1754 1626 1789 in
1650 1754 1734 1800 jure

279 1813 381 1849 ciuili
398 1813 559 1849 sufficiat
574 1814 607 1848 ei
626 1813 673 1849 ad
691 1813 909 1849 intrandum
928 1813 966 1849 in
984 1812 1113 1848 eodem
1126 1813 1213 1859 jure

188 1872 285 1908 Item
310 1872 528 1909 conceditur
552 1872 716 1908 Henrico
741 1872 921 1920 Gybbons
949 1876 991 1909 vt
1015 1873 1184 1909 studium
1211 1876 1353 1920 septem
1379 1885 1564 1909 annorum
1590 1874 1628 1908 in
1649 1873 1734 1919 jure

278 1931 380 1968 ciuili
398 1932 437 1968 in
454 1932 524 1968 hac
542 1932 787 1968 vniuersitate
803 1933 964 1968 sufficiat
981 1933 1014 1968 ei
1033 1932 1081 1968 ad
1099 1933 1318 1969 intrandum
1336 1934 1374 1968 in
1392 1933 1521 1969 eodem
1535 1933 1620 1979 jure

186 2036 284 2073 Item
315 2036 532 2072 conceditur
562 2036 598 2073 d.
633 2037 795 2073 Bownde
827 2037 888 2073 hic
921 2038 1021 2084 apud
1055 2049 1122 2074 vos
1151 2038 1190 2073 in
1218 2037 1365 2074 artibus
1398 2038 1664 2075 baochalaureo
1692 2043 1734 2076 vt

278 2096 448 2132 studium
480 2107 543 2132 sex
576 2108 759 2133 annorum
799 2098 838 2133 in
871 2097 1057 2134 medicina
1095 2103 1181 2144 post
1214 2100 1370 2144 gradum
1404 2098 1735 2135 bacchalaureatus

279 2158 495 2201 susceptum
513 2155 674 2191 sufficiat
696 2156 730 2191 ei
750 2156 798 2192 ad
816 2156 1099 2203 practicandum
1117 2157 1156 2192 in
1172 2156 1302 2192 eadem
1326 2156 1506 2192 facultate
1556 2157 1617 2193 Ita
1634 2159 1733 2204 quod

279 2214 360 2250 eius
391 2213 554 2250 eruditio
585 2215 822 2250 examinetur
854 2219 893 2251 et
925 2215 1154 2262 approbetur
1191 2227 1257 2262 per
1288 2215 1458 2251 doctores
1495 2216 1664 2252 Hatcher
1695 2224 1734 2254 et

282 2272 500 2320 Pyckeryng
523 2276 563 2309 et
588 2285 701 2320 super
725 2274 794 2310 hac
823 2274 1059 2310 concessione
1085 2274 1221 2310 habeat
1248 2274 1377 2310 literas
1404 2275 1586 2321 sigillatas
1613 2276 1735 2322 sigillo

282 2335 405 2367 vestro
428 2333 619 2369 communi

725 2511 924 2568 Magistri
956 2511 999 2554 in
1031 2513 1199 2556 artibus
1754 2525 1781 2563 f.
1807 2526 1856 2563 24
1877 2539 1901 2563 a

189 2629 287 2666 Item
303 2630 520 2666 conceditur
536 2631 559 2666 J
562 2632 647 2667 oani
665 2632 870 2668 Bradforde
886 2633 968 2669 viro
983 2634 1194 2668 constantis
1210 2633 1283 2669 iam
1302 2634 1416 2669 etatis
1432 2638 1472 2670 et
1488 2634 1644 2681 probate
1661 2637 1738 2672 vite
1755 2646 1945 2678 Bmdforde

281 2692 325 2725 vt
347 2690 518 2726 studium
543 2693 565 2726 8
585 2702 771 2727 annorum
795 2692 836 2728 in
860 2692 980 2728 literis
1005 2692 1290 2729 humanioribus
1314 2693 1460 2730 artibus
1484 2698 1523 2730 et
1546 2707 1738 2731 sacrarum
1756 2690 1930 2767 {3¹32ssssss

281 2748 475 2784 literarum
503 2749 674 2795 diligenti
699 2750 856 2786 lectione
880 2751 919 2786 in
945 2751 1084 2798 quibus
1108 2752 1313 2798 plurimum
1338 2753 1496 2799 profecit
1518 2755 1680 2790 sufficiat
1704 2766 1738 2790 ei
1756 2781 1790 2810 et
1807 2787 1926 2809 nume,

1757 2823 1853 2853 ratur
1865 2821 1956 2853 inter

1755 2867 1923 2915 regentes.

1757 2917 1944 2958 superioris

1755 2961 1851 2985 annu

269 2881 285 2902 ²·
305 2882 417 2915 These
433 2893 555 2916 names
572 2894 629 2918 are
645 2884 783 2918 written
800 2886 967 2928 sideways
982 2886 1086 2928 along
1103 2886 1162 2919 the
1179 2886 1313 2919 bottom
1329 2887 1411 2928 odge
1427 2888 1465 2919 of
1479 2887 1524 2921 fo.
1544 2889 1586 2920 23
1604 2898 1636 2921 a.
