2008 3216
164 161 382 217 1562-63]
744 168 896 201 onAcn
926 167 1049 200 BOOK
1082 167 1111 199 Δ
1626 155 1703 196 161

769 619 1098 676 [1562-1563]

161 749 324 792 Gratiae
364 750 454 791 sive
496 748 731 804 petitiones
771 763 970 791 concesse
1004 747 1051 790 in
1087 747 1217 804 plena
1253 746 1587 803 congregatione
1626 745 1709 787 Re-

275 819 474 876 gentium
520 824 565 860 et
615 833 702 861 non
754 818 1019 875 Regentium
1062 833 1088 859 a
1133 817 1243 860 festo
1294 816 1433 859 sancti
1486 815 1711 858 Michaelis

275 888 523 945 archangeli
563 903 676 931 anno
716 887 883 930 domini
923 889 1035 931 1562
1079 901 1213 942 vsque
1254 885 1371 928 idem
1409 886 1568 928 festum
1605 890 1711 928 tunc

275 959 470 1016 proxime
498 973 682 1016 sequens
744 957 972 1001 Francisco
997 957 1187 1001 Newton
1218 971 1335 999 sacre
1369 955 1587 1012 theologie
1612 970 1710 1012 pro-

276 1029 435 1072 fessore
466 1035 572 1072 tunc
600 1027 948 1071 vicecancellario
979 1032 1026 1070 et
1056 1026 1190 1069 Andr.
1221 1025 1502 1083 Oxenbridge
1533 1031 1579 1068 et
1609 1024 1709 1068 Joh.

277 1098 463 1156 Igulden
493 1097 843 1156 procuratoribus

161 1234 388 1272 Conceditur
413 1237 458 1270 23
484 1232 658 1270 Octobris
679 1235 722 1269 vt
747 1244 877 1268 omnes
900 1232 1020 1278 gratie
1043 1230 1278 1267 admittendo
1302 1242 1370 1278 per
1393 1230 1589 1266 dominum
1615 1230 1710 1266 vice-

254 1292 517 1330 cancellarium
540 1292 710 1328 doctores
734 1292 852 1327 Perne
877 1290 1021 1327 Fourth
1044 1292 1083 1326 et
1105 1289 1258 1325 Walker
1280 1290 1479 1335 magistros
1506 1288 1711 1324 Hawfourd

254 1354 294 1388 et
322 1350 503 1398 Abythell
536 1350 682 1398 possint
714 1361 932 1386 concurrere
961 1350 1000 1386 in
1029 1352 1194 1396 quatuor
1221 1347 1570 1395 congregationibus
1598 1347 1712 1384 huius

254 1410 344 1447 anni
370 1409 424 1446 sic
448 1412 491 1446 vt
516 1421 646 1446 omnes
671 1409 910 1446 consentiant

683 1609 991 1653 Bacchalaurei
1023 1609 1184 1652 artium

159 1735 386 1772 Conceditur
418 1739 463 1773 29
496 1736 669 1772 Januarii
701 1736 725 1772 J
728 1748 759 1772 o.
792 1736 947 1772 Lawson
980 1740 1023 1772 vt
1058 1738 1101 1772 12
1127 1736 1279 1772 termini
1305 1736 1344 1772 in
1369 1735 1508 1783 quibus
1532 1735 1710 1771 lectiones

253 1795 460 1831 ordinarias
484 1795 631 1831 audivit
659 1795 747 1831 licet
772 1807 847 1831 non
873 1795 1026 1831 omnino
1050 1795 1257 1831 secundum
1281 1795 1440 1831 formam
1465 1795 1602 1831 statuti
1625 1806 1711 1830 cum

254 1854 553 1901 oppositionibus
586 1854 893 1902 responsionibus
925 1858 964 1891 et
996 1855 1080 1891 aliis
1113 1855 1301 1892 exercitiis
1333 1867 1400 1902 per
1431 1858 1579 1891 statuta
1611 1854 1711 1901 regia

254 1914 446 1960 requisitis
469 1914 658 1950 sufficiant
683 1914 716 1950 ei
741 1914 789 1950 ad
815 1914 1116 1962 respondendum
1140 1915 1329 1962 questioni

160 1972 302 2009 Eadem
338 1973 460 2020 gratia
492 1973 710 2010 conceditur
742 1974 872 2010 eodem
905 1974 966 2010 die
999 1974 1186 2010 Willelmo
1223 1975 1355 2011 Butler
1392 1975 1556 2010 Max-tino
1590 1974 1711 2021 Gillye

254 2032 441 2070 Willelmo
467 2033 649 2070 Dethicke
674 2034 803 2070 Franc.
831 2034 1034 2070 Garthside
1060 2034 1160 2071 Edw.
1189 2034 1412 2071 Lewckener
1435 2034 1553 2070 Anth.
1577 2033 1710 2069 Wood-

254 2091 354 2128 ward
387 2092 574 2129 Gwaltero
607 2092 734 2129 Allein
768 2092 860 2129 Rob.
897 2093 1063 2130 Holland
1097 2093 1210 2131 Mich.
1246 2094 1454 2141 Hennadge
1483 2094 1538 2130 W.
1570 2093 1713 2140 Cooper

255 2150 365 2186 Leon.
396 2150 520 2188 Cooke
553 2151 644 2188 Tho.
676 2152 768 2188 Best
800 2152 893 2189 Tho.
926 2152 1063 2200 Leighe
1099 2153 1198 2190 Edw.
1229 2153 1457 2190 Grenwoode
1488 2153 1512 2189 J
1515 2165 1547 2189 o.
1580 2152 1712 2189 Picard

253 2208 277 2245 J
280 2221 311 2245 0.
339 2209 431 2246 Scut
458 2210 568 2246 Lanc.
595 2210 738 2247 Nutter
763 2211 842 2247 Ric.
869 2211 1081 2259 Reynoldes
1106 2212 1237 2249 Franc.
1266 2212 1422 2250 Morden

160 2267 388 2304 Conceditur
423 2268 447 2304 J
450 2280 481 2305 o.
517 2269 621 2316 Daye
659 2272 704 2306 29
736 2270 910 2306 Januarii
942 2274 985 2306 vt
1021 2273 1062 2307 11
1097 2271 1250 2307 termini
1288 2271 1327 2308 in
1361 2270 1500 2319 quibus
1534 2271 1713 2308 lectiones
1731 2267 1757 2305 f.
1780 2266 1830 2305 67
1847 2266 1874 2304 b

254 2326 463 2363 ordinarias
486 2327 634 2364 audivit
658 2328 748 2364 licet
772 2340 847 2364 non
872 2329 1026 2365 omnino
1051 2330 1258 2366 secundum
1282 2330 1442 2366 formam
1465 2331 1604 2366 statuti
1626 2342 1713 2366 cum

254 2385 554 2432 oppositionibus
588 2386 894 2433 responsionibus
926 2390 966 2424 et
997 2387 1082 2424 aliis
1116 2388 1304 2425 exercitiis
1336 2400 1403 2436 per
1434 2391 1582 2425 statuta
1614 2388 1715 2434 regia

254 2445 448 2492 requisitis
471 2446 661 2483 sufficiant
685 2447 719 2483 ei
744 2446 824 2495 [ad]
849 2447 1151 2494 respondendum
1176 2449 1366 2495 questioni

160 2502 302 2539 Eadem
327 2504 450 2550 gratia
475 2505 693 2541 conceditur
716 2505 847 2542 eodem
874 2506 1106 2542 Christoforo
1136 2507 1335 2554 Kyrkland
1359 2507 1465 2544 Alex.
1492 2507 1714 2553 Fitzieferey

256 2562 438 2599 Nicholao
463 2564 589 2601 Fuller
613 2564 746 2601 Carolo
770 2565 802 2613 [2
820 2565 948 2614 Lanc.]
973 2566 1129 2602 Browne
1150 2566 1174 2602 J
1177 2578 1208 2602 o.
1233 2567 1375 2602 Gravet
1395 2567 1418 2602 J
1421 2578 1452 2602 o.
1473 2566 1600 2602 Moore
1619 2565 1711 2602 Rob.

255 2621 437 2658 Hudsone
478 2639 481 2643 ·

161 2681 303 2717 Eadem
324 2682 446 2727 gratia
467 2693 554 2718 cum
580 2685 622 2718 12
646 2683 819 2719 terminis
842 2683 1060 2720 conceditur
1079 2688 1101 2720 5
1120 2684 1314 2720 Februarii
1337 2684 1429 2721 Tho.
1450 2685 1581 2721 Kened
1606 2685 1713 2721 Rich.

256 2740 396 2777 Pachet
422 2741 470 2777 H.
496 2742 654 2789 Tyndall
682 2742 749 2778 Ed.
772 2743 985 2791 Stanehope
1010 2744 1102 2780 Tho.
1126 2744 1276 2791 Pynder
1300 2744 1406 2780 Rich.
1430 2745 1596 2781 Maither
1620 2745 1712 2781 Tho.

256 2799 449 2835 Leuckner
475 2800 532 2836 W.
562 2800 731 2836 Redrnan
762 2801 854 2837 Gab.
883 2802 1031 2838 Ducket
1060 2802 1162 2839 JacO.
1190 2802 1274 2851 Byll
1304 2802 1373 2840 Ed.
1402 2803 1589 2850 Doddyng
1621 2803 1713 2839 Tho.

255 2857 409 2904 Wylkes
432 2859 455 2894 J
459 2870 490 2894 o.
516 2859 715 2906 Browning

271 2944 305 2973 ι..
329 2945 382 2972 1v.
1558 2940 1604 2978 11
