2008 3294
352 195 438 238 394-
945 206 1095 240 ancn
1127 207 1250 240 Boon
1282 208 1312 240 Δ
1678 195 1895 254 [1585-86

963 744 1293 800 [1585—1586]

353 901 518 945 Gratiae
557 903 648 945 sive
690 902 927 959 peticiones
962 917 1162 946 concesse
1196 902 1243 945 in
1278 902 1409 959 plena
1444 903 1779 960 congregatione
1815 903 1901 946 Re-

467 972 667 1029 gentium
712 979 757 1015 et
806 987 894 1015 non
945 972 1210 1029 Regentium
1253 988 1279 1015 a
1323 973 1434 1015 festo
1485 973 1624 1016 sancti
1677 973 1901 1016 Michaelis

468 1042 725 1098 archangelo
745 1058 859 1085 anno
879 1042 1055 1084 domino
1079 1045 1190 1086 1585
1221 1057 1355 1098 Vsque
1381 1042 1497 1085 idem
1530 1043 1688 1085 festum
1717 1058 1769 1086 ex
1797 1048 1902 1086 tunc

468 1114 663 1170 proxime
698 1128 881 1170 sequens
917 1113 1092 1155 domino
1128 1112 1370 1169 Vmphrido
1406 1113 1589 1169 Tyndall
1626 1128 1743 1156 sacre
1778 1113 1901 1156 theo-

470 1183 582 1240 logie
607 1183 846 1240 professore
877 1183 1210 1240 procancellario
1240 1182 1459 1240 magistris
1489 1183 1708 1240 Sophonia
1742 1184 1899 1240 Smyth

469 1260 515 1297 et
544 1253 612 1297 J0.
645 1253 804 1298 Oowell
836 1254 1186 1311 procuratoribus
1216 1254 1435 1312 magistris
1467 1254 1627 1297 Moiser
1662 1255 1825 1298 Fowler
1856 1261 1902 1298 et

470 1323 638 1380 [blank]
682 1324 883 1368 Mowtlee
923 1324 1237 1368 scrutatoribus
1277 1324 1497 1383 magistris
1540 1325 1721 1368 Ricardo
1763 1325 1902 1369 Swale

469 1401 513 1437 et
542 1394 704 1453 [blank]
727 1395 891 1438 Wilson
918 1395 1189 1438 taxatoribus
1215 1401 1259 1438 et
1287 1395 1493 1453 magistro
1521 1396 1718 1438 Mattheo
1741 1395 1902 1453 Stokys

471 1465 720 1523 registrario

354 1616 581 1653 Conceditur
600 1620 643 1653 12
662 1616 836 1654 Octobris
850 1620 892 1654 vt
904 1617 1080 1653 dominus
1094 1617 1418 1654 vicecancellarius
1430 1617 1600 1654 doctores
1613 1617 1740 1654 Goade
1754 1616 1902 1664 Bridge-

448 1679 564 1711 water
581 1679 621 1711 et
644 1675 890 1712 Moundeford
912 1676 1083 1723 magistri
1108 1675 1264 1712 Preston
1286 1679 1326 1712 et
1348 1676 1491 1712 Sandes
1512 1677 1591 1712 sint
1613 1678 1727 1723 caput
1749 1678 1904 1712 senatus

447 1732 567 1769 futuri
583 1733 673 1770 anni

353 1790 581 1829 Conceditur
599 1795 643 1829 16
661 1792 878 1829 Decembris
901 1796 942 1829 vt
965 1793 1135 1840 magistri
1159 1793 1370 1830 Willelmus
1393 1793 1529 1842 Smyth
1554 1794 1665 1841 Regis
1688 1794 1904 1830 Antoninus

450 1852 640 1889 Hickman
673 1853 752 1889 sint
783 1853 1058 1890 examinatores
1089 1856 1128 1890 et
1160 1853 1429 1901 approbatores
1460 1854 1796 1901 questionistarum
1835 1853 1904 1889 hoc

448 1922 548 1947 anno
564 1911 909 1958 inaugurandorum

355 1969 583 2006 Conceditur
611 1970 711 2007 inter
742 1970 859 2006 Pasca
888 1974 927 2006 et
957 1982 1093 2017 magna
1121 1971 1274 2007 comitia
1306 1971 1463 2008 Ricardo
1493 1971 1627 2019 Bridge
1656 1971 1798 2019 collegii
1827 1971 1904 2008 divi

448 2027 634 2064 Johannis
657 2032 699 2064 vt
724 2030 767 2063 12
789 2027 940 2064 termini
967 2027 1141 2074 completi
1166 2028 1204 2063 in
1228 2028 1366 2075 quibus
1383 2028 1562 2065 lectiones
1578 2029 1784 2066 ordinarias
1801 2029 1904 2066 audi-

450 2087 506 2123 vit
531 2087 618 2123 licet
641 2098 715 2123 non
735 2087 889 2123 omnino
910 2086 1116 2123 secundum
1141 2087 1300 2123 formam
1330 2088 1466 2124 statuti
1495 2100 1581 2125 cum
1605 2088 1905 2136 oppositionibus

449 2145 754 2194 responsionibus
770 2146 927 2193 aliisque
944 2146 1131 2182 exercitiis
1153 2157 1220 2193 per
1241 2148 1388 2182 statuta
1407 2147 1508 2193 regia
1530 2147 1723 2193 requisitis
1744 2147 1906 2183 sufficiat

450 2204 483 2241 ei
500 2205 548 2241 ad
566 2205 866 2252 respondcndum
884 2205 1072 2252 questioni
1122 2204 1345 2252 subscripsit
1364 2204 1574 2242 Everardus
1592 2205 1736 2253 Digbye

357 2264 498 2302 Eadem
515 2265 637 2312 gratia
652 2265 870 2302 conceditur
884 2264 1084 2301 Lanceloto
1099 2265 1235 2312 Money
1250 2264 1360 2311 Regis
1373 2264 1404 2313 [2
1417 2264 1571 2313 Regine]
1589 2264 1812 2312 subscripsit
1826 2264 1902 2301 Ric.

452 2323 661 2360 Woodcock
711 2323 898 2360 Willelmo
917 2323 1016 2359 Maio
1036 2323 1216 2360 Katerine
1232 2323 1458 2371 subscripsit
1479 2324 1536 2360 J0.
1560 2323 1681 2371 Cragg
1732 2326 1773 2360 11
1796 2324 1903 2360 Junii

454 2382 550 2419 Hen.
570 2382 752 2419 Glascoke
773 2382 879 2419 Clare
900 2381 1123 2430 subscripsit
1149 2382 1238 2420 Phil.
1260 2382 1452 2419 Hammon
1501 2382 1558 2419 Jo.
1585 2383 1775 2420 Stamford
1798 2382 1905 2419 Clare

451 2441 675 2489 subscripsit
716 2441 807 2478 Phil.
848 2442 1039 2478 Hammon
1094 2442 1117 2478 J
1121 2442 1260 2478 ohanni
1299 2442 1496 2490 Chapman
1539 2442 1646 2479 Clare
1683 2441 1906 2490 subscripsit

455 2501 510 2538 Dr
533 2500 651 2548 Binge

357 2560 448 2598 eon.
468 2560 542 2597 Tri.
562 2562 608 2596 32
658 2559 708 2596 Et
725 2562 767 2596 21
787 2559 958 2597 Januarii
975 2572 1019 2596 ex
1037 2560 1190 2607 collegio
1207 2559 1409 2597 Trinitatis
1426 2559 1486 2596 W⁰
1504 2560 1655 2608 Ingram
1674 2560 1730 2597 Jo.
1752 2561 1904 2598 Browne

450 2619 509 2657 Jo.
530 2618 678 2667 Maslyn
695 2618 753 2655 J0.
773 2618 901 2656 Crowe
917 2619 939 2655 J
943 2631 974 2655 o.
990 2618 1102 2655 Curlc
1119 2618 1175 2656 Jo.
1192 2618 1375 2655 Gerrarde
1388 2618 1411 2655 J
1414 2631 1445 2655 o.
1462 2618 1599 2655 Jacson
1613 2619 1636 2656 J
1640 2631 1670 2655 0.
1687 2619 1826 2656 Charte
1844 2620 1906 2656 W⁰

453 2678 548 2715 Halo
566 2678 621 2715 W.
642 2678 803 2726 Bishope
821 2678 884 2715 W⁰
901 2679 1025 2726 Cosyn
1045 2678 1101 2716 W.
1124 2678 1263 2715 Barker
1286 2677 1449 2714 Roberto
1468 2678 1611 2714 Lusher
1637 2677 1726 2716 Rob.
1751 2679 1907 2716 Chestcr

455 2736 544 2773 Rob.
574 2736 730 2773 Skclton
763 2736 839 2774 mo.
874 2736 982 2773 liunt
1012 2737 1111 2783 Step.
1146 2736 1294 2784 Vpclicr
1320 2736 1446 2773 Godfr.
1478 2735 1671 2773 Goodman
1701 2736 1758 2773 W.
1788 2736 1907 2774 Lucas

454 2794 528 2832 Ew.
560 2793 676 2830 parke
713 2793 849 2830 Loiiell.
883 2793 1074 2830 Holliman
1109 2793 1201 2829 Tho.
1234 2792 1414 2841 Mallorye
1450 2793 1570 2830 Lucas
1598 2792 1777 2830 Chalinor
1812 2793 1906 2829 Her-

452 2853 581 2890 bertus
598 2853 734 2890 wardo
752 2855 883 2900 Grego.
904 2853 1062 2890 Newton
1083 2852 1183 2890 Edw.
1206 2852 1379 2889 Knowles
1398 2852 1509 2889 Mich.
1531 2852 1712 2888 Haworth
1725 2851 1771 2900 [2]
1797 2851 1831 2887 N
1835 2852 1905 2890 ich.

455 2912 601 2950 Banken
619 2911 674 2949 W.
694 2912 896 2960 Sibthorpe
915 2912 1043 2950 Fraus.
1062 2911 1286 2960 Gelsthorpe
1305 2911 1396 2949 Rob.
1416 2910 1558 2949 Lecake
1575 2910 1665 2947 Tho.
1684 2910 1808 2947 Cooke
