2008 3294
312 159 398 207 344
893 170 1046 206 emor:
1076 171 1200 204 BOOK
1230 169 1261 204 Δ
1640 158 1857 216 [1580-81

123 271 153 310 f.
179 272 256 310 134
270 285 295 310 a
312 277 539 314 Conceditur
564 279 609 313 16
634 276 853 313 Decembris
877 288 995 323 quum
1020 276 1186 323 sigillum
1211 275 1321 311 officii
1348 275 1491 311 domini
1518 274 1729 312 cancellarii
1755 274 1864 311 valde

406 349 566 384 parvum
594 337 646 373 sit
674 340 715 372 et
740 339 932 372 vetustate
959 347 1055 382 pene
1083 338 1351 382 consumptum
1378 338 1422 370 vt
1447 347 1491 370 ex
1517 338 1671 381 argento
1695 333 1863 370 eiusdem

406 395 519 442 sigilli
552 398 591 432 et
623 395 784 431 aliorum
816 394 977 431 duorum
1010 394 1288 430 remanentium
1320 404 1482 440 quorum
1514 393 1642 429 nullus
1672 404 1774 428 nunc
1805 394 1864 427 est

406 466 497 490 vsus
525 466 664 490 novum
692 466 760 501 pro
789 454 909 490 officio
941 453 1153 489 cancellarii
1182 455 1222 489 et
1249 453 1331 488 eius
1358 452 1530 499 deputati
1559 452 1723 499 sigillum
1751 451 1863 487 confi-

406 514 530 550 ciatur
552 514 601 550 ad
625 514 916 561 descriptionem
941 517 980 550 et
1004 514 1163 549 formam
1188 524 1284 560 quas
1311 512 1507 548 Mattheus
1533 511 1673 558 Stokys
1697 510 1864 547 bedellus

407 573 616 620 assignabit

312 632 539 669 Conceditur
564 635 610 668 10
632 632 806 669 Octobris
831 633 1012 679 magistro
1037 632 1138 668 Edw.
1159 632 1281 668 Grant
1303 635 1346 667 vt
1368 632 1421 668 sit
1442 643 1541 667 vnus
1562 643 1607 667 ex
1631 633 1676 666 12
1699 629 1863 677 predica-

406 692 553 728 toribus
581 692 651 728 hoc
680 692 846 739 presenti
876 703 976 728 anno
1005 704 1071 739 per
1099 690 1330 727 academiam
1359 690 1579 726 emittendis
1605 690 1659 725 sic
1684 692 1727 725 vt
1753 700 1865 736 super

406 750 477 786 hac
505 753 632 786 vestra
663 751 900 787 concessione
927 749 1058 786 literas
1086 749 1225 785 habeat
1253 749 1436 796 sigillatas
1464 748 1585 796 sigillo
1613 750 1737 784 vestro
1765 759 1863 784 com-

407 821 514 845 mum

312 868 454 905 Eadem
495 869 616 915 gratia
657 869 876 905 conceditur
915 869 1046 905 eodem
1086 869 1266 915 magistro
1301 869 1366 904 W⁰
1399 868 1510 904 Halls
1574 869 1595 905 7
1639 866 1865 904 Novembris

406 928 586 974 magistro
626 929 718 965 Lau.
761 929 924 965 Stanton
989 931 1012 964 9
1045 927 1265 964 Decembris
1305 928 1485 974 magistro
1525 927 1584 963 Jo.
1618 925 1865 962 Waterhouse

410 990 454 1023 16
481 987 699 1024 Decembris
727 987 909 1034 magistro
933 986 999 1023 W⁰
1027 986 1144 1022 Stone
1173 986 1354 1033 magistro
1382 986 1440 1022 Jo.
1470 985 1656 1022 Lambard
1685 984 1866 1031 magistro

405 1046 429 1082 J
432 1047 576 1083 ervasio
602 1047 815 1094 Babington
840 1046 1021 1093 magistro
1048 1045 1149 1082 Edw.
1177 1045 1335 1093 Smythe

311 1105 540 1142 Conceditur
563 1107 608 1142 16
631 1105 850 1142 Decembris
908 1104 1005 1141 Cum
1028 1105 1102 1141 hiis
1122 1107 1287 1152 quatuor
1301 1107 1370 1140 aut
1386 1104 1555 1151 quinque
1571 1103 1681 1140 annis
1697 1103 1864 1150 proxime

405 1164 543 1212 elapsis
576 1165 687 1201 multi
720 1165 862 1201 artium
891 1165 1062 1211 magistri
1091 1164 1198 1212 parvi
1227 1164 1434 1211 pendentes
1462 1163 1723 1199 iusiurandum
1752 1174 1863 1198 suum

403 1223 593 1260 academie
630 1224 833 1271 prestitum
870 1226 940 1260 aut
976 1223 1237 1260 fideiussorum
1273 1234 1427 1259 suorum
1461 1222 1703 1258 securitatem
1736 1221 1864 1268 dispu-

404 1283 569 1319 tationes
609 1295 698 1319 suas
738 1282 1017 1330 philosophicas
1057 1283 1330 1319 intermiserint
1370 1283 1411 1318 in
1452 1293 1631 1328 magnum
1675 1280 1864 1317 academie

404 1342 565 1379 dedecus
589 1347 628 1379 et
653 1342 926 1379 detrimentum
951 1341 1306 1378 bacchalaureorum
1331 1341 1397 1389 qui
1422 1341 1598 1377 audirent
1621 1344 1690 1377 aut
1714 1352 1864 1387 respon-

403 1401 538 1438 derent
562 1402 689 1438 Placet
710 1401 818 1438 vobis
840 1404 883 1437 vt
906 1401 1042 1448 singuli
1066 1413 1142 1437 non
1165 1401 1256 1437 socii
1279 1400 1439 1436 alicuius
1461 1399 1604 1446 collegii
1627 1399 1802 1446 deinceps
1824 1399 1863 1435 in

405 1460 574 1496 ordinem
595 1459 702 1496 illum
723 1460 925 1507 cooptandi
945 1463 1035 1496 ante
1055 1472 1184 1496 eorum
1204 1459 1472 1496 admissionem
1492 1459 1629 1495 realem
1651 1458 1864 1494 cautionem

404 1518 656 1565 quadraginta
677 1517 880 1554 solidorum
902 1518 1094 1565 deponant
1116 1518 1156 1554 in
1179 1517 1356 1554 manibus
1375 1517 1533 1553 senioris
1551 1516 1803 1564 procuratoris
1819 1515 1866 1551 de

405 1589 518 1614 cursu
540 1590 608 1614 suo
630 1578 670 1614 in
693 1577 923 1625 disputando
941 1577 1037 1614 bene
1053 1580 1093 1614 et
1109 1577 1270 1614 fideliter
1286 1575 1518 1613 observando
1535 1587 1608 1622 que
1625 1587 1774 1611 summa
1790 1575 1866 1611 illis

405 1636 552 1682 integra
573 1636 799 1672 restituatur
821 1638 1022 1683 postquam
1046 1635 1316 1683 compleverint
1338 1635 1504 1682 prefatas
1525 1633 1804 1681 disputaciones
1826 1635 1865 1669 et

407 1698 448 1730 vt
476 1694 545 1730 hec
571 1694 759 1731 concessio
786 1698 912 1730 vestra
938 1706 1007 1742 pro
1033 1697 1181 1730 statuto
1207 1697 1388 1741 perpetuo
1413 1693 1598 1729 habeatur
1622 1695 1662 1729 et
1690 1692 1730 1728 in
1757 1691 1865 1729 libris

403 1757 690 1801 procuratorum
712 1753 972 1790 conscribatur
994 1753 1092 1790 infra
1113 1753 1240 1790 decem
1263 1753 1344 1790 dies
1366 1753 1533 1800 proxime
1554 1755 1754 1799 sequentes

310 1813 539 1850 Conceditur
569 1816 614 1850 13
643 1813 838 1849 Februarii
873 1813 1054 1860 magistro
1085 1813 1143 1849 Jo.
1174 1813 1334 1850 Swanne
1363 1816 1406 1849 vt
1434 1813 1572 1849 habeat
1600 1812 1730 1848 literas
1756 1811 1863 1848 testi·

404 1872 587 1908 moniales
630 1872 769 1919 gradus
813 1874 853 1908 et
897 1872 1194 1909 conversationis
1238 1884 1306 1909 sue
1350 1872 1534 1919 sigillatas
1578 1871 1699 1919 sigillo
1740 1873 1865 1908 vestro

404 1932 599 1971 communi

312 1989 452 2026 Eadem
493 1991 615 2036 gratia
649 1989 868 2026 conceditur
911 1992 954 2025 15
988 1989 1119 2026 Martii
1154 1989 1335 2037 magistro
1367 1989 1425 2027 J0.
1461 1989 1578 2026 Forth
1645 1992 1689 2025 15
1721 1989 1864 2037 Aprilis

405 2049 585 2095 magistro
614 2048 705 2084 Tho.
737 2047 902 2084 Stafford
951 2046 1002 2083 Et
1031 2049 1070 2086 7⁰
1095 2047 1119 2084 J
1122 2047 1189 2084 ulii
1219 2048 1400 2095 magistro
1429 2047 1630 2084 Godefrido
1659 2047 1864 2084 Fransseus

405 2107 498 2143 iuris
522 2107 644 2143 civilis
667 2106 811 2143 doctori
870 2108 916 2143 28
941 2107 1085 2154 Aprilis
1109 2107 1291 2154 magistro
1315 2107 1457 2144 doctori
1484 2106 1647 2143 Roberto
1670 2105 1789 2143 Jacob

310 2165 538 2202 Conceditur
563 2168 606 2202 13
624 2165 816 2202 Februarii
841 2177 927 2202 cum
949 2165 1031 2202 dies
1050 2165 1098 2202 ad
1119 2165 1416 2213 philosophicam
1434 2164 1731 2213 disputacionem
1748 2165 1861 2212 assig—

405 2224 486 2262 nati
515 2236 589 2261 non
616 2225 809 2261 sufficiunt
839 2225 1046 2272 incepturis
1074 2226 1113 2262 in
1141 2225 1288 2262 artibus
1319 2225 1388 2261 hoc
1413 2236 1512 2261 anno
1541 2225 1664 2272 placet
1690 2224 1796 2261 vobis
1821 2227 1864 2260 vt

405 2283 620 2320 huiusmodi
647 2283 928 2331 disputaciones
954 2285 1048 2321 fiant
1072 2284 1206 2322 diebus
1230 2285 1388 2322 Veneris
1413 2288 1454 2321 et
1479 2284 1632 2324 Saturni
1660 2285 1699 2321 in
1725 2284 1864 2320 scholis

404 2342 639 2390 philosophie
661 2354 684 2378 a
708 2354 806 2378 noua
828 2341 875 2378 ad
901 2342 1136 2379 vndecimam
1162 2342 1400 2391 presentibus
1423 2354 1496 2378 vno
1518 2345 1801 2390 procuratorum
1824 2346 1863 2379 et

404 2413 478 2438 vno
503 2400 732 2438 bedellorum
758 2404 798 2438 et
823 2404 865 2437 vt
889 2401 1027 2448 singuli
1055 2402 1271 2439 huiusmodi
1297 2402 1531 2450 inceptorum
1556 2401 1693 2439 habere
1717 2402 1864 2450 possint

405 2472 516 2497 vnem
547 2460 792 2497 variationem
822 2460 854 2496 si
888 2460 1082 2497 commode
1111 2461 1389 2508 responsionem
1419 2461 1610 2508 acquirere
1639 2472 1713 2498 non
1743 2461 1862 2509 possit

404 2519 490 2565 (sie)

309 2577 537 2615 Conceditur
572 2580 616 2614 lo
644 2577 787 2625 Aprilis
815 2588 901 2614 cum
932 2577 1012 2614 dies
1042 2589 1116 2613 non
1147 2577 1202 2614 ita
1230 2577 1376 2625 pridem
1402 2590 1426 2614 a
1452 2577 1559 2615 vobis
1587 2590 1758 2616 concesse
1787 2590 1861 2615 non

403 2636 596 2673 sufficiunt
622 2635 827 2683 incepturis
853 2635 891 2671 iu
917 2635 1064 2671 artibus
1088 2634 1136 2671 ad
1167 2634 1232 2671 illa
1256 2636 1433 2672 exercitia
1461 2636 1670 2684 peragenda
1695 2648 1768 2684 que
1797 2649 1864 2685 per

408 2695 520 2741 Regia
547 2698 696 2731 statute
725 2694 971 2742 requiruntur
1000 2693 1123 2742 placet
1150 2693 1255 2731 vobis
1282 2698 1324 2731 vt
1352 2706 1504 2743 quoquo
1531 2695 1592 2732 die
1622 2696 1785 2743 profesto
1813 2696 1863 2733 ab

405 2754 494 2790 hora
522 2754 643 2801 prima
671 2753 928 2802 pomeridiana
951 2752 999 2790 ad
1028 2753 1180 2790 tertiam
1207 2753 1318 2790 liceat
1341 2754 1496 2791 eiisdem
1524 2754 1563 2791 in
1588 2754 1713 2793 schola
1738 2759 1863 2792 vestra

403 2812 599 2849 dialectica
618 2812 804 2860 publicam
823 2824 991 2849 exercere
1004 2812 1302 2860 disputacionem
1320 2824 1394 2860 que
1412 2824 1479 2861 pro
1496 2813 1662 2861 legitima
1680 2813 1863 2852 habeatur

406 2871 459 2907 ita
483 2875 523 2907 vt
549 2876 831 2918 procuratorum
857 2871 953 2910 alter
977 2875 1016 2907 et
1041 2883 1083 2908 ex
1111 2870 1264 2908 bedenis
1291 2883 1386 2909 vuus
1412 2873 1562 2909 intersit
1585 2876 1624 2909 et
1646 2874 1862 2920 questiones
