2008 3216
119 160 340 217 1552-53]
705 169 855 202 omen
885 169 1009 202 Boon
1040 170 1068 200 Δ
1609 155 1662 198 87

210 275 294 311 aliis
309 275 495 312 exercitiis
511 287 578 323 per
593 274 693 322 regia
709 276 855 311 statuta
872 273 1064 321 requisitis
1080 272 1270 309 sufficiant
1287 272 1319 308 ei
1337 271 1383 308 ad
1408 271 1664 319 incipiendum

210 334 250 370 in
267 334 411 372 artibus

114 393 256 430 Eadem
271 394 393 440 gratia
408 394 454 430 de
470 393 583 430 verbo
599 394 639 430 in
656 393 813 430 verbum
829 392 1048 429 conceditur
1063 391 1216 428 domino
1232 391 1368 439 Tayler

114 451 213 487 Item
230 452 445 489 conceditur
468 451 631 488 Roberto
652 453 751 500 Eyre
773 455 816 488 vt
837 463 971 489 novem
993 451 1147 487 termini
1169 453 1255 498 post
1277 450 1427 486 finalem
1444 450 1524 486 eius
1539 450 1660 486 deter-

207 511 451 548 minationem
478 513 517 548 in
539 511 678 559 quibus
700 512 879 548 lectiones
901 510 1108 547 ordinarias
1131 509 1281 547 audiuit
1302 509 1390 546 licet
1410 521 1484 545 non
1507 509 1660 546 omnino

206 571 411 608 secundum
429 571 588 607 formam
605 571 742 607 statuti
759 582 847 607 cum
869 568 1169 617 oppositionibus
1191 567 1496 616 responsionibus
1520 572 1559 604 et
1575 568 1660 604 aliis

205 629 390 666 exercitiis
422 641 489 677 per
519 629 621 677 regia
653 632 800 666 statuta
828 628 1020 675 requisitis
1048 627 1237 664 sufficiant
1262 627 1296 664 ei
1329 627 1378 663 ad
1404 626 1659 674 incipiendum

205 687 244 724 in
269 687 416 724 artibus

110 746 251 784 Eadem
277 748 398 794 gratia
421 747 469 784 de
494 747 608 784 verbo
634 748 674 784 in
702 746 859 784 verbum
889 745 1107 783 conceditur
1137 745 1301 782 dominis
1331 745 1453 782 Fowle
1480 749 1520 782 et
1550 746 1661 782 Petro

205 806 338 842 Foster
368 807 434 854 qui
467 806 620 853 quidem
645 818 720 842 non
745 809 804 842 est
829 809 978 842 creatus
1004 805 1044 841 in
1071 805 1132 841 die
1157 805 1436 841 commitiorum
1463 809 1661 852 propterea

203 865 303 912 quod
328 865 526 901 recusabat
550 865 675 913 palam
695 865 957 912 juramentum
982 864 1170 912 suscipere
1194 876 1280 900 cum
1305 864 1390 900 aliis

109 925 194 961 Vna
209 936 296 961 cum
314 925 399 961 istis
415 925 636 973 inceperunt
654 925 693 961 in
711 924 863 972 collegio
881 924 1009 971 Regali
1022 924 1165 961 domini
1183 924 1289 971 Daye
1307 924 1428 960 Baker
1444 924 1598 971 Temple
1621 927 1660 960 et

204 983 369 1031 Kervyle
385 984 524 1031 quibus
541 996 616 1020 non
633 986 715 1020 erat
731 984 853 1031 petita
868 984 990 1030 gratia
1005 995 1127 1031 neque
1143 983 1374 1030 dispensatio
1390 995 1566 1019 concessa

108 1043 207 1079 Item
231 1043 449 1080 conceditur
471 1043 624 1080 domino
652 1043 843 1080 Assheton
873 1046 915 1078 vt
944 1053 1077 1079 novem
1107 1043 1259 1079 termini
1289 1045 1375 1090 post
1404 1042 1554 1078 finalem
1578 1043 1659 1079 eius

199 1102 553 1150 determinationem
586 1104 625 1139 in
658 1102 797 1150 quibus
829 1102 1008 1138 lectiones
1041 1101 1248 1138 ordinarias
1279 1101 1430 1138 audiuit
1461 1101 1551 1138 licet
1583 1114 1658 1138 non

199 1162 352 1198 omnino
380 1162 584 1198 secundum
614 1162 773 1198 formam
800 1162 936 1198 statuti
964 1173 1038 1198 vna
1067 1174 1152 1198 cum
1181 1160 1482 1210 oppositionibus
1507 1173 1657 1210 respon·

199 1221 368 1258 sionibus
383 1225 423 1258 et
439 1222 523 1258 aliis
539 1221 726 1258 exercitiis
748 1233 815 1269 per
837 1221 938 1268 regia
954 1223 1100 1257 statuta
1123 1220 1316 1268 requisitis
1338 1221 1527 1257 sufficiant
1551 1222 1584 1256 ei
1607 1221 1656 1257 ad

200 1280 455 1328 incipiendum
471 1281 510 1317 in
527 1280 674 1317 artibus

105 1339 247 1376 Eadem
278 1340 400 1386 gratia
436 1339 484 1376 de
515 1339 628 1376 verbo
660 1339 699 1375 in
734 1339 890 1376 verbum
923 1339 1142 1375 conceditur
1177 1337 1339 1375 dominis
1374 1339 1584 1386 Reynoldes
1616 1343 1655 1376 et

106 1398 441 1494 Itemsffigzliltur
455 1457 598 1494 domini
615 1457 754 1494 Jeffera
770 1460 813 1494 vt
830 1469 963 1494 novem
987 1457 1140 1494 termini
1158 1461 1244 1504 post
1267 1457 1415 1493 finalem
1433 1458 1514 1494 eius
1535 1458 1655 1495 deter·
1676 1456 1700 1495 f.
1724 1455 1774 1493 35
1796 1469 1819 1494 a

195 1514 441 1551 minationem
465 1514 504 1550 in
527 1514 664 1561 quibus
689 1514 868 1551 lectiones
890 1514 1098 1550 ordinarias
1120 1513 1270 1550 audiuit
1294 1514 1382 1550 lioet
1404 1526 1480 1550 non
1504 1516 1657 1551 omnino

197 1573 403 1610 secundum
436 1573 596 1609 formam
629 1573 766 1610 statuti
800 1585 875 1610 vna
906 1584 993 1609 cum
1021 1572 1321 1620 oppositionibus
1352 1573 1658 1621 responsionibus

194 1634 233 1667 et
264 1631 350 1668 aliis
381 1631 568 1668 exercitiis
601 1643 668 1678 per
700 1631 800 1678 regia
832 1634 980 1668 statuta
1011 1631 1204 1678 requisitis
1236 1631 1427 1668 sufficiant
1452 1632 1486 1668 ei
1520 1633 1566 1669 ad
1602 1633 1656 1669 in—

195 1690 412 1738 cipiendum
437 1691 477 1727 in
501 1690 649 1727 artibus
698 1734 701 1735 ⁷

98 1749 240 1786 Eadem
256 1750 378 1797 gratia
393 1750 440 1787 de
457 1749 569 1786 verbo
586 1750 626 1786 in
643 1749 799 1786 verbum
816 1750 1032 1787 conceditur
1047 1750 1211 1787 dominis
1229 1750 1346 1787 Lever
1360 1754 1400 1787 et
1417 1751 1558 1788 Barton

102 1807 200 1845 Item
228 1808 446 1845 conceditur
477 1808 631 1844 domino
657 1808 812 1844 Boswell
837 1811 880 1844 vt
904 1810 927 1845 9
951 1809 1104 1845 termini
1130 1812 1217 1856 post
1244 1809 1393 1846 finalem
1421 1811 1503 1846 eius
1531 1811 1652 1848 deter-

195 1868 441 1905 minationem
466 1868 506 1904 in
529 1867 669 1915 quibus
691 1867 869 1904 lectiones
891 1867 1099 1904 ordinarias
1117 1868 1267 1904 audiuit
1289 1868 1377 1905 licet
1402 1881 1477 1905 non
1500 1871 1652 1907 omnino

193 1928 399 1964 secundum
416 1928 576 1964 formam
594 1928 732 1964 statuti
752 1939 839 1964 cum
861 1928 1162 1976 oppositionibus
1183 1929 1487 1976 responsionibus
1506 1934 1546 1966 et
1567 1931 1652 1967 aliis

192 1988 378 2024 exercitiis
410 2000 477 2036 per
502 1988 602 2034 regia
635 1990 783 2024 statuta
815 1988 1008 2034 requisitis
1034 1988 1223 2025 sufficiant
1249 1989 1282 2025 ei
1313 1989 1359 2025 ad
1394 1989 1649 2036 incipiendum

194 2046 233 2082 in
257 2046 404 2083 artibus

229 2225 453 2269 Numerus
485 2226 751 2283 Regentium
786 2227 830 2269 in
863 2227 1033 2270 artibus
1064 2227 1190 2270 iuxta
1219 2229 1516 2272 senioritatem

263 2323 276 2344 ¹
288 2323 456 2359 Redman
827 2323 932 2371 Daye
1271 2325 1426 2373 Temple

335 2383 593 2429 incorporatus
601 2323 623 2430 }
827 2383 949 2418 Baker
1272 2384 1349 2431 Rey
1354 2386 1483 2421 noldes

824 2442 923 2490 Eyre
1271 2443 1424 2480 Kervile

287 2501 523 2548 Stephenson
825 2501 962 2549 Tayler
1129 2518 1132 2520 ’
1273 2503 1405 2539 Foster

286 2561 480 2598 Goodman
581 2568 585 2572 '
827 2560 1009 2597 Harward
1204 2562 1260 2598 Μ’
1278 2563 1395 2599 Burre

287 2619 398 2667 Maye
755 2619 794 2655 M
798 2625 811 2642 ¹·
826 2619 849 2655 J
852 2619 964 2656 effera
1270 2621 1427 2658 Boswell

286 2677 323 2712 N
325 2681 446 2714 ewton
823 2677 1015 2714 Assheton
1270 2679 1458 2728 Sympson

286 2737 409 2774 Fowle
826 2737 944 2774 Lever
1271 2738 1413 2776 Bai-ton

222 2794 278 2831 Mr
293 2795 443 2843 Thorpe

176 2877 189 2898 ¹
213 2877 324 2910 These
339 2887 460 2910 names
475 2887 534 2910 are
549 2878 720 2919 arranged
735 2879 772 2910 in
788 2887 855 2911 one
869 2878 1011 2911 column
1027 2878 1132 2919 along
1147 2878 1208 2912 the
1224 2879 1358 2913 bottom
1375 2882 1414 2914 of
1427 2882 1472 2915 fo.
1493 2884 1535 2915 34
1554 2883 1586 2916 b.
