2002 3236
179 185 396 243 1545-46]
762 196 914 229 omen
945 195 1067 228 soox
1100 196 1129 228 Δ
1667 182 1721 226 37

271 301 431 348 sigillum
463 301 502 337 in
533 300 675 337 eisdem
707 300 938 348 approbatus
964 303 1006 336 vt
1033 302 1092 335 tot
1119 310 1303 336 annorum
1333 298 1501 334 studium
1530 301 1570 334 et
1598 298 1724 346 praxis

270 359 431 396 sufficiat
452 360 485 396 ei
508 359 556 396 ad
581 359 835 406 incipiendum
858 361 896 396 in
919 359 1106 396 medicina
1166 358 1228 394 Sic
1249 357 1351 405 quod
1373 358 1454 393 eius
1476 357 1638 393 eruditio
1657 369 1724 404 per

269 418 364 455 duos
385 418 554 455 doctores
577 418 759 454 medicine
781 418 960 466 probetur
981 421 1020 454 et
1038 421 1079 454 vt
1096 418 1177 454 eius
1193 417 1372 454 admissio
1388 420 1465 452 stet
1484 417 1516 452 ei
1540 428 1608 463 pro
1624 428 1722 452 com-

270 477 383 524 pletis
397 477 514 524 gradu
530 481 569 513 et
585 477 703 513 forma
721 481 760 513 et
777 477 900 513 soluat
916 477 1155 513 vniuersitati
1173 476 1223 512 xl·

177 536 275 572 Item
297 536 514 572 conoeditur
531 535 651 572 eidem
669 537 847 583 quoniam
870 539 1022 583 propter
1039 535 1211 582 urgentia
1226 546 1300 582 que
1316 533 1431 570 habet
1450 534 1601 581 negocia
1623 545 1722 569 com·

270 595 377 631 mode
398 607 471 631 non
495 599 620 643 potest
641 595 770 632 adesse
793 596 831 631 in
853 595 1059 631 commiciis
1076 598 1118 631 vt
1141 595 1260 642 possit
1279 593 1430 630 admitti
1453 596 1559 629 extra
1575 594 1721 629 vniuer·

269 654 420 690 sitatem
448 657 488 690 et
511 657 617 690 extra
642 655 846 691 terminum
875 666 940 702 per
968 654 1164 690 dominum
1190 653 1533 689 vicecancellarium
1557 653 1614 689 vel
1642 653 1723 689 eius

269 713 316 749 ad
337 714 406 749 hoc
425 713 648 761 deputatum
701 714 763 750 Ita
779 714 879 760 quod
902 714 983 750 eius
1004 714 1167 750 eruditio
1183 713 1418 750 examinetur
1433 715 1473 748 et
1494 712 1724 760 approbetur

268 772 374 808 iuxta
414 773 574 820 gratiam
613 773 684 809 sibi
718 774 822 820 prius
856 785 1069 810 concessam
1106 776 1145 809 et
1180 773 1282 820 quod
1320 772 1444 808 soluat
1482 773 1721 808 vniuersitati

267 833 430 878 quatuor
453 831 567 867 libras

795 1069 949 1112 Gracie
983 1069 1096 1112 varie

174 1184 370 1243 Inprimis
386 1194 604 1231 conceditur
619 1194 762 1231 doctori
781 1195 938 1231 Warner
955 1201 996 1232 vt
1013 1196 1133 1243 possit
1153 1194 1283 1232 abesse
1299 1194 1348 1232 ab
1363 1193 1540 1231 omnibus
1556 1194 1723 1241 exequiis

267 1255 392 1291 missis
407 1258 446 1291 et
467 1253 816 1302 congregationibus
832 1266 876 1290 ex
898 1258 1046 1290 statuto
1062 1258 1101 1290 et
1124 1253 1300 1290 omnibus
1321 1253 1556 1300 generalibus
1580 1265 1722 1300 prooes-

266 1313 435 1350 sionibus
451 1313 510 1350 his
527 1326 599 1361 que
616 1325 661 1350 ex
677 1317 824 1350 statuto
841 1317 931 1350 sunt
947 1313 1212 1350 tantummodo
1227 1313 1392 1360 exceptis

174 1374 273 1411 Item
301 1373 518 1410 conceditur
542 1377 584 1410 vt
614 1373 782 1420 magistri
814 1373 957 1410 Bal-ker
984 1373 1030 1409 de
1059 1373 1146 1409 aula
1174 1373 1335 1420 Gonvyll
1363 1376 1403 1408 et
1431 1372 1616 1408 Grenwall
1645 1372 1723 1408 sint

265 1434 496 1482 oppositores
520 1434 854 1481 questionistarum
879 1433 949 1469 hoc
974 1444 1074 1469 anno

173 1493 271 1530 Item
295 1492 512 1530 conceditur
535 1496 578 1529 vt
601 1492 731 1529 doctor
755 1492 907 1529 Walker
931 1493 1056 1529 minor
1083 1493 1203 1540 possit
1227 1492 1402 1539 supplere
1432 1492 1531 1528 vices
1559 1491 1723 1528 doctoris

266 1553 403 1601 Blythe
435 1552 602 1589 absentis
635 1553 674 1589 in
708 1553 986 1589 examinacione
1019 1557 1058 1588 et
1089 1551 1361 1600 approbacione
1395 1551 1535 1588 Oliueri
1574 1551 1722 1586 Marten

265 1613 370 1649 iuxta
394 1613 553 1660 gratiam
579 1613 650 1649 sibi
677 1614 781 1660 prius
805 1625 1017 1650 concessam
1042 1612 1090 1649 ad
1115 1611 1398 1660 practicandum
1425 1611 1464 1647 in
1489 1610 1676 1657 chirurgia

172 1714 270 1750 Item
295 1713 513 1750 conceditur
538 1716 580 1749 vt
604 1712 774 1749 doctores
803 1713 1004 1760 Atkynson
1034 1712 1194 1759 Smythe
1219 1715 1258 1747 et
1285 1711 1464 1757 magister
1490 1709 1719 1757 Swynborne
1735 1703 1763 1742 f.
1790 1703 1838 1742 16
1852 1703 1877 1741 b

265 1773 412 1820 possint
428 1784 510 1807 esse
522 1771 670 1819 judices
686 1772 725 1807 in
749 1783 863 1808 causa
878 1771 1144 1819 appellacionis
1161 1772 1260 1807 inter
1275 1770 1464 1806 doctorem
1486 1768 1720 1816 Standysshe

263 1835 303 1867 et
319 1831 509 1867 Adamum
527 1830 771 1878 Rychardson

171 1890 267 1927 Item
293 1890 511 1926 conceditur
531 1894 574 1926 vt
598 1893 751 1937 propter
772 1889 1034 1925 creberrimam
1059 1887 1198 1924 febrem
1223 1900 1296 1935 que
1320 1900 1420 1924 nunc
1441 1891 1634 1934 grassatur
1655 1899 1722 1935 per

263 1948 442 1996 oppidum
466 1948 653 1984 terminus
675 1948 830 1984 dissolui
855 1948 975 1995 possit
1000 1958 1118 1994 vsque
1141 1947 1190 1982 ad
1214 1947 1421 1982 crastinum
1447 1946 1603 1982 Martini
1667 1945 1721 1981 sic

263 2011 391 2044 tamen
409 2011 451 2043 vt
466 2007 745 2054 disputaciones
763 2007 914 2042 interim
932 2006 1052 2042 fiende
1069 2011 1252 2053 tanquam
1274 2006 1372 2042 facte
1394 2009 1619 2041 censeantur
1641 2007 1720 2041 tam

264 2078 340 2114 quo
356 2066 403 2103 ad
427 2067 626 2113 magistros
641 2066 902 2113 disputaturos
917 2077 1032 2112 quam
1050 2078 1126 2112 quo
1142 2066 1190 2102 ad
1214 2065 1378 2102 bedellos
1393 2069 1433 2101 et
1449 2065 1550 2112 quod
1567 2065 1720 2102 interim

263 2125 564 2172 congregationes
585 2124 832 2160 admissiones
847 2124 1127 2172 disputaciones
1144 2124 1183 2160 in
1204 2124 1390 2171 theologia
1406 2127 1446 2160 et
1465 2135 1656 2160 semones
1672 2122 1720 2161 ad

262 2184 403 2220 clerum
419 2183 573 2231 perinde
589 2184 683 2220 fiant
699 2184 731 2219 si
749 2195 843 2231 opus
859 2184 974 2220 fuerit
989 2195 1033 2219 ac
1050 2183 1082 2219 si
1099 2184 1285 2219 terminus
1302 2195 1377 2219 non
1394 2182 1623 2219 dissoluetur

171 2243 268 2279 Item
293 2243 510 2279 conceditur
533 2246 576 2279 vt
605 2243 784 2289 magister
810 2243 932 2290 Roper
956 2243 1075 2290 possit
1104 2242 1241 2278 habere
1270 2243 1398 2278 literas
1430 2243 1489 2278 sui
1524 2253 1718 2277 conuersa-

261 2302 376 2338 tionis
399 2305 439 2338 et
462 2302 598 2348 gradus
622 2301 805 2348 sigillatas
829 2301 950 2348 sigillo
974 2305 1100 2337 vestro
1124 2302 1314 2337 communi

171 2361 269 2397 Item
294 2361 512 2397 conceditur
536 2365 578 2397 vt
603 2361 773 2407 magistri
798 2365 969 2408 regentes
992 2360 1187 2408 disputare
1211 2361 1358 2407 possint
1383 2359 1517 2396 diebus
1542 2370 1617 2394 non
1643 2359 1718 2395 dis-

261 2419 494 2467 putabilibus
517 2419 567 2456 ab
590 2420 678 2456 hinc
702 2432 821 2467 vsque
845 2420 893 2456 ad
918 2420 1114 2456 commicia
1138 2431 1213 2455 uon
1238 2419 1415 2455 obstante
1440 2421 1587 2454 statute

170 2478 268 2514 Item
284 2478 501 2515 conceditur
516 2483 559 2515 vt
578 2479 754 2515 dominus
770 2479 1093 2515 vicecancellarius
1109 2479 1280 2516 doctores
1303 2478 1438 2525 Tayler
1454 2481 1494 2513 et
1515 2477 1716 2524 Atkynson

262 2536 425 2572 habeant
449 2540 612 2573 vestram
637 2537 909 2573 authoritatem
937 2536 1152 2573 destinandi
1181 2540 1221 2572 et
1248 2535 1483 2582 concipiendi
1512 2535 1641 2570 literas
1669 2535 1717 2571 ad

261 2596 456 2632 dominum
473 2595 745 2632 Cancellarium
768 2596 903 2642 Anglie
920 2596 967 2632 ad
988 2607 1181 2631 summum
1198 2594 1428 2631 Achademie
1445 2593 1717 2629 Cancellarium

262 2657 301 2690 et
326 2655 548 2701 magistrum
573 2655 731 2691 Pachett
753 2667 821 2702 pro
844 2654 1059 2691 defensione
1083 2654 1363 2701 priuilegiorum
1388 2656 1603 2688 nostrorum
1664 2652 1718 2686 sic

262 2716 304 2748 vt
328 2725 452 2749 coram
477 2713 584 2749 vobis
607 2714 704 2750 lecte
727 2714 938 2760 sigillentur
961 2714 1083 2760 sigillo
1107 2718 1232 2749 vestro
1257 2713 1445 2748 communi
1691 2761 1693 2764 v

171 2771 268 2809 Item
292 2773 509 2810 conceditur
531 2776 573 2809 vt
595 2773 769 2810 dominus
786 2773 1110 2810 vicecancellarius
1133 2777 1171 2809 et
1191 2772 1370 2819 magister
1388 2771 1532 2807 Askam
1553 2770 1718 2806 habeant

260 2835 424 2869 vestram
440 2833 710 2869 authoritatem
727 2832 960 2880 concipiendi
976 2835 1017 2868 et
1032 2831 1290 2868 conscribendi
1310 2831 1439 2867 literas
1457 2830 1615 2866 summis
1631 2841 1717 2864 con-

259 2890 410 2927 siliariis
429 2891 539 2938 Regis
555 2897 593 2927 et
610 2890 813 2927 baronibus
828 2891 874 2927 de
892 2891 1095 2927 Skackario
