2008 3294
121 185 341 240 1585-86]
717 193 869 225 emon
899 190 1022 223 Boon
1053 189 1083 221 Δ
1580 176 1667 217 403

126 828 196 864 Pro

217 301 501 345 procuratorum
528 298 628 334 inter
651 309 691 333 se
714 299 754 333 et
778 296 819 332 in
843 307 911 332 suo
937 305 1046 342 grege
1069 291 1262 340 disputare
1286 289 1335 326 ab
1361 290 1453 326 hora
1476 289 1598 337 prima
1621 289 1670 325 ad

213 357 366 393 tertiam
389 356 685 404 pomeridianam
707 356 747 391 in
770 354 907 391 scholis
929 351 1113 389 medicine
1129 350 1189 386 vel
1210 349 1414 386 rethoricos
1435 351 1475 384 et
1497 347 1672 383 similiter

213 415 421 452 declamare
446 415 570 452 tribus
595 414 728 451 diebus
755 414 793 450 in
818 411 988 460 qualibet
1012 410 1226 458 septimana
1249 408 1299 445 ab
1322 408 1414 444 hora
1437 407 1599 455 septima
1623 406 1671 442 ad

214 478 385 511 octavam
405 474 739 511 antemeridianam
759 473 798 509 in
815 471 953 508 scholis
970 468 1203 518 philosophie
1219 479 1264 504 ea
1279 467 1359 514 lege
1375 470 1417 502 vt
1433 477 1531 502 vnus
1547 464 1670 501 mode-

215 536 382 570 ratorum
399 546 485 571 cum
501 531 598 570 12011ὶ1
610 533 658 570 ad
675 533 800 569 minus
817 529 1095 572 bacche-laureis
1108 528 1248 564 artium
1265 526 1417 563 intersit
1432 537 1519 562 cum
1535 524 1672 561 habiti-

216 593 286 630 bus
303 594 381 630 suis
404 593 637 630 scholasticis
654 593 692 629 in
709 591 878 639 quolibet
894 588 1111 626 huiusmodi
1128 591 1216 624 actu
1234 590 1272 623 et
1289 586 1506 634 prefinitum
1522 588 1674 632 tempus

216 653 414 700 diligenter
435 653 647 700 compleant
669 651 836 698 alioquin
860 662 903 686 ea
922 648 1132 696 disputatio
1152 647 1231 683 sive
1247 645 1470 682 declamatio
1486 656 1555 692 pro
1571 643 1674 680 nulla

217 710 399 746 habeatur
414 710 461 746 de
477 709 614 757 quibus
630 708 743 746 fidem
759 708 900 744 faciant
919 706 1172 743 moderatores
1188 704 1351 741 dominis
1373 701 1675 750 procuratoribus

217 769 372 816 singulis
389 769 610 817 septimanis
669 768 811 804 Eodem

228 828 489 875 questionistis
547 828 643 865 Cum
680 827 791 864 breve
825 829 864 863 et
899 828 1134 862 contractum
1173 823 1225 860 sit
1257 826 1409 870 tempus
1442 822 1542 858 inter
1573 821 1674 868 prin-

219 887 359 934 cipium
399 887 559 935 proximi
597 886 749 923 termini
784 889 824 922 et
859 884 1014 921 comitia
1050 882 1387 930 questionistarum
1422 883 1462 916 et
1498 891 1676 916 numerus

219 946 561 993 inaugurandorum
598 946 718 982 maior
749 957 864 993 quam
898 947 941 981 vt
978 947 1130 991 tempus
1163 941 1256 978 illud
1291 952 1359 988 pro
1393 940 1579 976 exercitiis
1611 951 1677 986 per

219 1007 366 1041 statuta
391 1004 583 1051 requisitis
609 1004 776 1040 sufficere
802 1003 922 1050 possit
947 1002 1071 1050 placet
1096 1000 1202 1037 vobis
1227 1003 1269 1036 vt
1294 999 1484 1047 generales
1509 998 1677 1046 sophiste

221 1063 290 1100 hoc
325 1076 424 1100 anno
458 1065 497 1101 in
531 1076 729 1100 numerum
760 1063 1112 1100 bacchalaureorum
1151 1059 1352 1108 cooptandi
1389 1059 1536 1106 possint
1568 1062 1676 1095 actus

221 1134 308 1159 suos
331 1123 573 1160 scholasticos
597 1135 770 1171 peragere
795 1122 954 1170 singulis
978 1121 1112 1158 diebus
1136 1120 1312 1168 profestis
1337 1123 1417 1156 tam
1446 1119 1486 1155 iu
1515 1118 1677 1155 termino

222 1194 337 1229 quam
362 1186 467 1219 extra
492 1183 698 1219 terminum
722 1183 770 1219 ab
795 1183 870 1219 isto
895 1182 956 1218 die
980 1193 1099 1228 vsque
1127 1180 1175 1217 ad
1205 1180 1369 1228 primum
1394 1179 1494 1216 diem
1519 1178 1677 1226 quadra-

221 1242 360 1288 gesime
382 1243 549 1289 proxime
571 1243 764 1290 sequentis
787 1246 867 1278 tam
890 1242 929 1278 in
953 1240 1080 1277 schola
1103 1239 1338 1287 philosophie
1354 1251 1470 1286 quam
1492 1239 1531 1275 in
1552 1238 1680 1274 schola

222 1299 436 1337 dialectices
462 1301 573 1337 modo
600 1302 639 1337 in
667 1301 806 1338 eisdem
834 1300 972 1337 scholis
998 1299 1102 1336 nulla
1129 1302 1220 1335 tunc
1246 1299 1298 1335 sit
1325 1298 1536 1345 disputacio
1564 1297 1678 1344 magi-

223 1362 385 1396 strorum
416 1360 475 1396 vel
507 1360 859 1397 bacchalaureorum
892 1359 942 1396 ab
974 1360 1065 1395 hora
1097 1371 1197 1395 nona
1222 1370 1340 1406 vsque
1367 1358 1414 1395 ad
1443 1358 1677 1394 vndecimam

223 1420 560 1457 antemeridianam
593 1424 632 1457 et
664 1420 712 1457 ab
745 1421 837 1457 hora
868 1420 992 1468 prima
1023 1419 1071 1455 ad
1100 1419 1254 1455 tertiam
1282 1417 1577 1466 pomeridianam
1636 1429 1680 1454 ea

225 1482 351 1515 tamen
385 1479 464 1527 lege
493 1484 536 1516 vt
564 1492 662 1516 vnus
694 1483 846 1517 tantum
879 1480 919 1516 iu
949 1491 1024 1516 vna
1056 1478 1183 1514 schola
1216 1489 1284 1525 per
1311 1478 1500 1524 integrum
1528 1480 1680 1524 tempus

225 1538 450 1586 respondeat
482 1542 521 1575 et
549 1552 647 1576 vnus
680 1539 780 1576 adsit
813 1538 1092 1575 moderatorum
1125 1549 1212 1573 cum
1244 1537 1442 1573 duodecim
1473 1536 1522 1573 ad
1555 1537 1681 1572 minus

225 1598 405 1644 sophistis
437 1602 476 1635 et
508 1599 722 1635 moderator
754 1598 912 1645 singulis
948 1597 1172 1644 septimanis
1205 1595 1421 1632 schedulam
1456 1596 1610 1631 nomina
1642 1599 1682 1631 et

228 1656 447 1702 cognomina
471 1656 733 1704 respondentis
757 1659 796 1692 et
820 1655 1092 1703 opponentium
1118 1653 1226 1689 alteri
1254 1652 1482 1689 bedellorum
1507 1652 1683 1689 exhibeat

228 1714 394 1761 alioquin
420 1727 465 1751 ea
487 1715 792 1762 disputaciopro
817 1715 921 1751 nulla
944 1713 1130 1750 habeatur

135 1772 356 1819 Disputatio
380 1773 637 1820 philosophica
695 1773 837 1809 Eodem
859 1771 1076 1808 conceditur
1099 1783 1186 1807 cum
1209 1771 1289 1807 dies
1313 1770 1361 1807 ad
1387 1771 1683 1818 philosophicam

142 2418 213 2453 Pro

228 1832 528 1879 disputacionem
561 1845 627 1880 per
660 1836 808 1869 statuta
843 1832 1032 1868 academie
1066 1831 1247 1878 assignati
1282 1843 1357 1867 non
1389 1831 1582 1867 sufficiunt
1614 1831 1683 1867 hoc

229 1903 328 1926 anno
353 1891 560 1938 incepturis
584 1892 623 1927 in
648 1891 795 1928 artibus
819 1891 942 1939 placet
964 1889 1071 1927 vobis
1091 1893 1133 1926 vt
1157 1889 1298 1926 eisdem
1320 1889 1480 1926 liberum
1505 1890 1557 1925 sit
1581 1890 1683 1925 omni

230 1950 394 1996 profesto
414 1949 475 1986 die
495 1950 697 1986 cuiuslibet
716 1950 926 1998 septimane
946 1949 986 1985 in
1003 1950 1166 1985 termino
1182 1949 1462 1996 disputaciones
1478 1951 1518 1985 et
1534 1961 1684 1996 respon-

230 2008 352 2044 siones
375 2020 462 2044 suas
486 2021 572 2045 cum
595 2009 786 2056 magistris
808 2020 982 2056 peragere
1004 2011 1084 2044 tam
1107 2008 1146 2044 in
1169 2008 1295 2044 schola
1315 2008 1550 2055 philosophie
1569 2020 1684 2056 quam

231 2066 270 2102 in
295 2066 422 2102 schola
446 2066 659 2103 dialectices
683 2066 732 2103 ab
756 2067 848 2103 hora
872 2078 972 2102 nona
996 2066 1292 2102 antemeridiana
1315 2066 1363 2102 ad
1386 2066 1622 2102 vndecimam
1647 2071 1685 2102 et

231 2125 279 2160 ab
302 2124 394 2160 hora
414 2125 537 2172 prima
558 2125 607 2162 ad
632 2126 785 2162 tertiam
809 2129 849 2162 et
870 2137 893 2161 a
915 2126 1030 2162 tertia
1055 2125 1102 2161 ad
1124 2126 1298 2172 quintam
1323 2125 1619 2172 pomeridianam
1642 2138 1686 2162 ea

232 2184 310 2229 lege
336 2187 379 2219 vt
407 2196 554 2231 semper
581 2185 677 2221 alter
705 2188 988 2232 procuratorum
1019 2185 1170 2221 intersit
1199 2188 1238 2221 et
1263 2197 1360 2221 vnus
1389 2185 1618 2222 bedellorum
1647 2190 1687 2222 et

231 2241 360 2277 decem
383 2242 431 2278 ad
454 2242 580 2278 minus
602 2242 860 2279 bacchalaurei
884 2243 923 2279 in
946 2243 1140 2279 habitibus
1161 2247 1201 2280 et
1223 2244 1439 2290 questiones
1460 2243 1687 2290 disputanda

234 2300 325 2336 hora
347 2307 479 2338 octava
500 2306 589 2338 ante
610 2302 908 2350 disputacionem
923 2303 1042 2339 valvis
1066 2303 1278 2340 scholarum
1302 2302 1464 2351 publicis
1487 2304 1688 2351 affigantur

233 2359 400 2406 alioquin
417 2372 461 2396 ea
477 2360 690 2408 disputacio
707 2373 773 2409 pro
791 2362 894 2398 nulla
909 2362 1094 2399 habeatur

238 2418 343 2454 cistis
403 2419 543 2456 Eodem
569 2432 655 2456 cum
679 2424 826 2457 statuta
851 2422 1031 2458 cistarum
1057 2423 1268 2459 custodiam
1293 2426 1332 2459 et
1356 2426 1577 2470 computum
1601 2435 1687 2459 con-

234 2478 427 2513 cernentia
451 2479 565 2514 nimis
590 2479 700 2515 hodie
725 2480 963 2527 negligantur
986 2481 1041 2517 ita
1066 2485 1108 2517 vt
1131 2482 1218 2518 inde
1243 2482 1483 2518 vniuersitati
1508 2495 1582 2519 non
1607 2483 1689 2518 leve

234 2535 504 2573 detrimentum
528 2537 744 2585 impendere
766 2538 940 2575 videatur
961 2539 1084 2586 placet
1100 2540 1206 2576 vobis
1226 2541 1258 2576 si
1278 2541 1469 2578 auditores
1490 2543 1688 2578 constituti

235 2594 409 2631 custodes
440 2597 674 2643 superiorum
706 2609 891 2634 annorum
919 2598 966 2635 ad
999 2602 1221 2646 computum
1250 2600 1463 2637 faciendum
1492 2602 1690 2648 clavesque

236 2653 443 2690 reddendas
480 2655 699 2692 distulerint
732 2659 775 2692 vt
809 2657 984 2694 dominus
1016 2659 1328 2705 procancellarius
1359 2663 1399 2695 et
1430 2659 1573 2696 domini
1606 2673 1688 2708 pro-

236 2715 424 2749 curatores
457 2726 544 2750 cum
576 2715 795 2751 assistentia
827 2715 1024 2752 doctorum
1058 2717 1116 2752 vel
1150 2717 1398 2764 prefectorum
1433 2718 1589 2755 arbitrio
1622 2732 1690 2755 suo

234 2772 482 2818 rogandorum
505 2773 626 2810 dictos
647 2774 821 2810 custodes
844 2775 891 2811 ad
914 2776 1155 2812 ratiocinium
1177 2776 1349 2813 debitum
1371 2782 1460 2814 ante
1481 2770 1690 2825 ingressum

236 2831 395 2878 proximi
417 2832 570 2868 termini
594 2833 822 2880 compellant
838 2834 898 2870 vel
920 2846 989 2870 sua
1011 2836 1237 2872 auctoritate
1259 2837 1374 2872 cistas
1395 2838 1566 2884 aperiant
1585 2842 1624 2874 et
1644 2838 1692 2874 ad

238 2891 384 2926 statum
406 2890 610 2937 pristinum
633 2891 812 2928 restituat
835 2892 917 2939 (sic)

1451 2967 1583 3005 26—2
