2008 3216
358 176 441 216 212
942 184 1095 216 GRAOE
1126 185 1251 216 BOOK
1282 184 1311 215 Δ
1687 171 1909 229 [1567-68

138 510 242 547 1568
750 550 758 557 ,
931 497 1135 554 Magistri
1165 484 1326 538 artium

355 639 583 675 Conceditur
606 642 653 676 26
676 639 806 675 Martii
822 639 983 683 >domino
1005 639 1097 674 Tho.
1121 638 1241 674 Wood
1265 641 1307 674 vt
1331 640 1353 674 9
1375 637 1528 673 termini
1552 640 1638 684 post
1659 636 1808 672 finalem
1826 636 1907 671 eius

449 696 805 732 determinacionem
839 697 879 731 in
913 696 1054 743 quibus
1086 696 1266 732 lectiones
1298 695 1507 731 ordinarias
1539 694 1685 730 audivit
1712 694 1800 730 lieet
1829 706 1905 729 non

450 756 602 791 omnino
619 755 826 791 secundum
844 756 1004 792 formam
1026 756 1163 791 statuti
1183 767 1270 791 cum
1286 754 1586 802 oppositionibus
1602 753 1906 801 responsionibus

448 818 488 850 et
505 815 589 851 aliis
606 815 792 851 exercitiis
809 827 876 862 per
892 818 1040 852 statuta
1059 815 1252 862 reqmsitis
1272 815 1462 851 sufficiant
1474 815 1508 850 ei
1525 814 1572 850 ad
1589 813 1844 861 incipiendum
1864 813 1904 849 in

448 873 595 910 artibus

354 933 496 969 Eadem
521 933 643 979 gratia
664 933 884 969 conceditur
904 933 1035 969 eodem
1057 933 1092 970 d.
1117 933 1282 969 Roberto
1307 933 1458 980 Sawyer
1481 932 1515 969 d.
1537 932 1606 969 WQ
1625 931 1755 968 James
1778 931 1814 969 d.
1840 931 1904 967 W⁰

449 993 543 1039 Sage
566 992 602 1030 d.
630 992 679 1029 H.
707 992 869 1028 Blaxton
889 993 924 1029 d.
949 992 1014 1027 W⁰
1033 991 1227 1028 Ashebold
1249 992 1283 1028 d.
1308 992 1451 1028 Simoni
1475 991 1641 1038 Inglishe
1662 991 1696 1027 d.
1722 990 1904 1026 Nicholao

450 1052 576 1088 Lovell
592 1052 627 1089 d.
646 1052 776 1089 Barth.
795 1052 924 1088 Heath
941 1051 976 1088 d.
995 1052 1019 1088 J
1021 1064 1053 1089 o.
1073 1052 1217 1100 Tracye
1232 1052 1267 1088 d.
1285 1051 1446 1088 Rioardo
1463 1051 1704 1099 Remyngton
1720 1050 1755 1087 d.
1770 1050 1902 1086 Ambr.

450 1110 574 1146 Fourd
591 1114 630 1146 et
647 1110 682 1147 d.
702 1111 814 1146 Petro
832 1110 966 1158 Playce
983 1121 1102 1158 nuper
1118 1110 1218 1146 socio
1236 1110 1379 1157 collegii
1398 1110 1503 1157 Regii

355 1169 498 1205 Eadem
522 1170 644 1216 gratia
668 1169 887 1205 conceditur
910 1170 1034 1216 primo
1061 1169 1206 1216 Aprilis
1234 1169 1269 1205 d.
1301 1169 1416 1206 Glem.
1448 1168 1605 1204 Browne
1632 1168 1668 1204 (1.
1699 1167 1841 1204 Gulson
1866 1167 1901 1203 d.

450 1229 480 1263 F
481 1240 580 1264 ranc.
608 1228 826 1275 Broughton
855 1228 890 1264 d.
918 1228 1011 1264 Rob.
1042 1228 1209 1275 Norgate
1238 1227 1272 1264 d.
1305 1227 1480 1264 Christos.
1510 1227 1649 1263 Shutte
1677 1226 1712 1262 d.
1744 1226 1903 1262 Ricardo

449 1286 633 1322 Gardiner
653 1286 688 1322 d.
714 1286 816 1333 Step.
842 1286 1024 1334 Lymbart
1046 1286 1081 1322 d.
1106 1286 1130 1322 J
1133 1297 1164 1322 0.
1192 1285 1356 1321 Stallard
1405 1286 1456 1322 Et
1481 1288 1503 1322 9
1529 1284 1672 1332 Aprilis
1697 1284 1730 1322 d.
1759 1283 1903 1320 Simoni

450 1345 609 1392 Smythe
630 1345 665 1381 d.
688 1344 864 1382 Christof.
891 1345 1080 1392 Hayward
1116 1338 1122 1343 ⁴

191 1409 214 1445 f.
239 1407 289 1445 93
311 1422 335 1444 a
356 1405 495 1441 Eadem
513 1405 635 1452 gratia
658 1405 876 1442 conceditur
898 1405 1027 1441 eodem
1045 1405 1079 1441 d.
1101 1404 1218 1441 Henr.
1235 1404 1416 1452 Wythers
1432 1404 1467 1440 d.
1487 1403 1646 1440 Ricardo
1664 1403 1775 1439 Hunt
1790 1402 1825 1438 d.
1843 1402 1865 1437 J
1870 1414 1901 1438 o.

446 1465 589 1500 Cockes
613 1464 647 1501 d.
676 1465 766 1500 Tho.
799 1465 939 1500 Sutton
968 1464 1003 1501 d.
1035 1463 1126 1500 Rob.
1159 1463 1349 1499 Ramsden
1378 1463 1412 1499 d.
1444 1463 1551 1499 Geor.
1583 1463 1707 1499 Slater
1734 1462 1769 1499 d.
1801 1462 1900 1508 Hug.

446 1524 568 1559 Booth
586 1524 620 1560 d.
642 1524 800 1560 Ricardo
824 1524 960 1571 Smyth
981 1526 1021 1560 et
1042 1523 1195 1560 domino
1217 1523 1326 1559 Edm.
1351 1523 1512 1571 Symson
1535 1534 1622 1558 cum
1644 1522 1715 1558 hac
1737 1521 1904 1558 clausula
1978 1574 1981 1577 -

446 1583 600 1629 (partim
619 1583 753 1619 Oxonii
771 1584 911 1630 partim
930 1583 990 1619 hic
1007 1583 1184 1630 peractis)

351 1641 491 1677 Eadem
509 1644 631 1689 gratia
648 1643 866 1679 conceditur
883 1644 921 1680 7⁰
938 1643 1030 1679 Maii
1051 1642 1086 1679 d.
1104 1642 1216 1678 Amb.
1242 1641 1465 1689 Coppynger
1485 1641 1521 1679 d.
1545 1641 1569 1678 J
1572 1653 1603 1678 o.
1629 1640 1843 1677 Disborowe
1864 1640 1899 1677 d.

445 1701 552 1737 Edm.
573 1702 736 1749 Bishope
752 1702 786 1738 d.
805 1702 869 1738 W⁰
887 1702 1019 1749 Lakyn
1036 1701 1071 1738 d.
1090 1702 1154 1737 W⁰
1175 1701 1342 1737 Stanton·
1358 1701 1392 1737 d.
1413 1700 1561 1736 Danieli
1583 1700 1767 1737 Gardiner
1787 1699 1822 1735 d.
1841 1699 1899 1736 J0.

445 1760 578 1796 Sterne
595 1760 629 1797 d.
649 1761 672 1796 J
675 1772 707 1797 o.
727 1760 906 1796 Hansone
927 1759 961 1796 d.
981 1759 1096 1796 Gwal.
1115 1759 1258 1795 Barker
1277 1759 1311 1796 d.
1332 1759 1466 1795 Mauri.
1487 1759 1682 1795 Faukener
1703 1758 1738 1795 d.
1762 1758 1899 1795 Matth.

446 1819 583 1855 Holme
614 1819 649 1855 d.
685 1818 848 1855 Roberto
883 1819 997 1855 Holte
1028 1819 1064 1856 d.
1095 1819 1192 1856 Heu.
1223 1818 1377 1855 Gallant
1404 1818 1439 1856 d.
1470 1818 1535 1854 W⁰
1565 1817 1746 1866 Hansbye
1773 1818 1808 1855 d.
1840 1818 1863 1854 J
1867 1830 1899 1856 0.

446 1877 674 1913 Knewstubs
689 1877 724 1913 d.
744 1878 801 1913 W.
822 1877 958 1914 Hawes
973 1877 1008 1914 d.
1029 1877 1119 1914 Tho.
1140 1878 1296 1914 Browne
1345 1876 1572 1914 Conceditur
1593 1877 1723 1914 eodem
1745 1877 1780 1914 d.
1806 1877 1898 1916 Tho.

443 1936 695 1972 Vnderdoune
711 1939 753 1973 vt
770 1939 792 1973 9
809 1937 961 1973 termini
979 1937 1018 1972 in
1035 1936 1174 1984 quibus
1191 1937 1331 1984 partim
1344 1936 1522 1973 lectiones
1534 1936 1742 1973 ordinarias
1753 1937 1900 1974 audivit

443 1996 582 2043 partim
599 2000 706 2032 extra
722 1996 1005 2032 vniuersitatem
1024 1996 1189 2032 scholam
1208 1997 1374 2033 exercuit
1389 1996 1709 2043 grammaticalem
1726 1999 1786 2033 etc

350 2053 489 2090 Eadem
516 2054 640 2100 gracia
665 2054 884 2091 conceditur
909 2058 948 2091 4⁰
969 2055 991 2090 J
996 2055 1076 2091 unii
1102 2054 1138 2091 d.
1167 2054 1258 2091 Tho.
1287 2055 1420 2091 Orosse
1445 2055 1480 2091 d.
1513 2054 1694 2091 Nicholao
1722 2054 1836 2103 Kyng
1861 2058 1900 2092 et

443 2116 488 2149 25
505 2113 527 2148 J
533 2113 611 2149 unii
629 2113 663 2150 d.
683 2113 706 2149 J
709 2125 740 2149 o.
761 2113 960 2161 Fermarye
977 2120 1016 2149 et
1032 2113 1066 2150 d.
1086 2114 1144 2150 J0.
1166 2113 1386 2161 Higgynson

348 2171 575 2208 Conceditur
592 2174 638 2209 26
656 2172 786 2208 Martii
803 2172 921 2209 Anth.
941 2172 1158 2220 Walkewyd
1177 2173 1350 2209 ministro
1368 2176 1410 2209 vt
1427 2172 1596 2209 studium
1615 2172 1697 2220 viij⁰
1713 2184 1896 2210 annorum

443 2231 480 2267 in
499 2230 783 2267 humanioribus
799 2234 839 2267 et
856 2230 996 2267 divinis
1012 2231 1132 2267 literis
1149 2231 1187 2267 in
1206 2232 1275 2268 1180
1289 2232 1535 2268 vniuersitate
1552 2243 1638 2268 cum
1656 2232 1896 2279 oppositioni-

442 2289 512 2326 bus
530 2290 834 2337 responsionibus
850 2293 889 2326 et
905 2290 989 2326 aliis
1008 2290 1195 2327 exercitiis
1213 2294 1272 2327 etc
1289 2291 1451 2344 sufficiet
1468 2290 1501 2327 ei
1519 2290 1566 2326 ad
1586 2290 1839 2338 incipiendum
1858 2292 1896 2328 in

440 2348 587 2385 artibus
609 2349 662 2385 sic
684 2351 726 2385 vt
750 2352 874 2384 vestra
895 2348 1122 2385 auctoritate
1144 2348 1368 2396 respondeat
1388 2349 1427 2385 in
1450 2348 1584 2385 habitu
1605 2348 1839 2386 bachalaurei
1858 2350 1896 2386 in

439 2407 586 2444 artibus
601 2411 640 2444 ot
656 2407 779 2444 solvat
795 2407 1034 2444 vniuersitati
1052 2420 1099 2444 xx
1110 2420 1129 2444 s

347 2466 486 2502 Eadem
504 2466 625 2513 gratia
641 2466 858 2503 conceditur
875 2469 920 2502 25
938 2466 961 2502 J
967 2465 1044 2502 unii
1062 2466 1085 2502 J
1089 2477 1119 2502 ο.
1141 2466 1297 2503 Watson
1323 2467 1496 2503 ministro
1513 2470 1552 2503 et
1569 2466 1672 2503 verbi
1693 2466 1753 2503 dei
1774 2467 1896 2515 predi-

440 2525 555 2561 cnwri
573 2536 658 2561 curn
677 2525 804 2561 studio
823 2537 844 2561 x
861 2537 1045 2561 annorum
1064 2525 1202 2572 partim
1220 2526 1280 2562 hic
1298 2526 1438 2573 partim
1457 2525 1599 2563 Oxonie

349 2584 434 2620 Una
462 2596 548 2619 eum
580 2584 652 2620 hiis
682 2584 902 2631 inceperunt
929 2584 975 2620 de
1005 2584 1157 2630 collegio
1188 2584 1301 2631 Regio
1326 2584 1465 2631 quibus
1495 2585 1598 2621 nullu
1626 2585 1748 2631 gratia
1776 2586 1896 2633 petitu.

441 2655 560 2690 noque
584 2643 814 2690 diulmnsatio
836 2655 1011 2680 concessa
1032 2643 1066 2680 d.
1096 2643 1186 2679 Rob.
1213 2643 1419 2680 Hoiboaniu
1442 2643 1476 2680 d.
1502 2643 1608 2680 Geor.
1637 2643 1833 2691 Laughton
1856 2647 1896 2681 et

442 2702 487 2738 11.
517 2701 641 2749 llaycs

343 2762 571 2798 Conceditur
595 2761 662 2808 vij⁰
687 2761 774 2797 Maii
799 2760 833 2798 (1.
864 2760 955 2797 11011.
988 2760 1144 2797 Blaxton
1166 2760 1427 2807 ludimagistro
1452 2760 1747 2797 Hiamfernmnsi
1774 2763 1815 2797 vt
1837 2773 1893 2798 re-

435 2821 654 2867 n1mnnionon
675 2819 722 2856 aul
746 2832 841 2866 qum
865 2823 1014 2856 tenetur
1035 2820 1179 2857 rationo
1199 2820 1336 2866 gradus
1353 2819 1580 2867 suscipiendi
1599 2831 1665 2867 per
1680 2820 1840 2867 gratiam
1858 2820 1891 2857 ei

435 2893 457 2915 11
479 2879 583 2916 vobin
605 2879 678 2916 18111
702 2883 790 2915 antu
810 2891 1022 2916 concessam
1045 2879 1192 2927 possint
1208 2878 1257 2915 ab
1274 2890 1318 2916 00
1336 2878 1460 2927 peragi
1478 2878 1610 2916 diebus
1628 2890 1702 2916 non
1720 2879 1890 2927 disputa.-
