2008 3216
160 151 378 208 1557-58]
741 160 892 193 muca
923 160 1047 192 BooK
1078 160 1108 191 Δ
1622 145 1703 187 127

275 449 500 492 Numerus
530 448 838 506 magistrorum
870 448 915 490 in
947 447 1118 490 artibus
1148 447 1272 490 iuxta
1301 445 1601 489 senioritatem

373 588 384 611 ¹
394 587 522 623 White
885 586 1070 622 Howman
1329 585 1519 632 Tompson

394 646 549 682 Browne
887 645 1034 692 Popson
1330 643 1467 680 Warde

394 705 552 741 Grafton
885 704 1063 752 Bryseley
1329 703 1505 740 Coldwell

393 764 530 811 Blythe
886 763 1047 800 Hudson
1332 761 1565 798 Sherbrooke

391 822 552 859 Mettam
883 822 1016 858 Barret
1261 822 1316 858 Mr
1334 820 1552 869 Raymonde

306 882 362 917 Μ’
386 881 634 918 Haukehurst
808 881 863 917 Μ’
883 881 1108 917 Barnesdale
1330 880 1483 916 Oaluert

391 941 516 978 Smith
534 941 690 988 (Gunv.)
888 940 1071 977 Gardiner
1333 939 1556 976 Londesdall

393 1000 528 1037 Clarke
545 1001 669 1047 (Reg.)

672 1282 882 1325 Doctores
912 1282 956 1324 in
990 1281 1206 1325 medicina

157 1418 383 1454 Concessum
400 1421 459 1454 est
474 1417 618 1454 doctori
637 1417 727 1454 Caio
744 1420 787 1453 vt
803 1417 855 1453 sit
871 1417 933 1453 hic
950 1416 1051 1464 apud
1067 1427 1135 1452 vos
1157 1416 1196 1452 in
1213 1416 1370 1453 eiisdem
1394 1416 1512 1464 gradu
1528 1417 1658 1454 ordine
1675 1420 1714 1452 et

251 1489 352 1513 anno
373 1477 511 1525 quibus
527 1477 602 1513 fuit
623 1477 663 1513 in
685 1477 950 1512 transmarinis
974 1475 1147 1524 partibus
1222 1475 1327 1512 Idem
1345 1480 1494 1512 creatus
1510 1479 1569 1513 est
1584 1476 1715 1513 doctor

254 1537 399 1574 Patavii
419 1539 479 1573 130
496 1537 588 1573 Maii
605 1548 704 1573 anno
720 1535 863 1572 domini
884 1538 972 1572 1541
994 1539 1036 1571 vt
1051 1538 1165 1582 prout
1181 1535 1309 1571 literas
1325 1536 1598 1572 testimoniales
1614 1548 1636 1572 a
1653 1548 1713 1572 me

251 1595 367 1632 lectas
382 1599 421 1632 et
437 1595 692 1632 consideratas
750 1594 946 1631 Mattheus
963 1594 1099 1630 Stokes
1116 1595 1286 1631 notarius
1303 1594 1476 1642 publicus

158 1654 385 1691 Conceditur
403 1655 583 1701 magistro
606 1654 719 1692 Carre
735 1657 778 1690 vt
800 1658 887 1702 post
908 1654 1078 1690 studium
1103 1657 1124 1692 7
1150 1666 1335 1690 annorum
1359 1655 1399 1691 in
1423 1654 1608 1691 medicina
1632 1655 1714 1691 eius

251 1714 431 1751 admissio
455 1717 532 1751 stet
556 1715 590 1751 ei
615 1726 683 1762 pro
708 1714 906 1762 completis
929 1714 1048 1762 gradu
1072 1718 1111 1750 et
1133 1715 1255 1750 forma
1278 1714 1497 1751 doctoratus
1517 1715 1557 1751 in
1582 1714 1712 1751 eadem

250 1774 430 1811 facultate
447 1774 500 1810 sic
517 1778 646 1811 tamen
663 1778 705 1810 vt
721 1774 946 1821 respondeat
962 1782 1001 1811 et
1017 1778 1184 1822 opponat
1201 1779 1290 1811 ante
1314 1787 1422 1811 suain
1444 1775 1712 1812 admissionem

250 1833 322 1870 sub
337 1845 435 1881 pena
450 1837 614 1880 quatuor
630 1845 841 1870 marcarum
858 1833 1114 1882 ponendamm
1134 1834 1173 1870 in
1190 1833 1366 1870 manibus
1383 1839 1668 1881 procuratorum

158 1893 284 1930 Placet
300 1893 406 1930 vobis
422 1896 465 1929 vt
484 1893 670 1941 oppositio
691 1893 739 1930 ad
763 1905 878 1941 quam
899 1897 1051 1930 tenetur
1075 1893 1254 1940 magister
1276 1893 1389 1930 Carre
1412 1895 1556 1931 ratione
1575 1894 1713 1941 gradus

251 1952 310 1989 sui
326 1955 415 1989 ante
430 1952 512 1988 eius
527 1952 794 1989 admissionem
811 1953 932 2000 possit
947 1953 1087 1989 differri
1105 1965 1222 2000 vsque
1238 1953 1278 1989 in
1295 1954 1488 1990 commitia
1504 1955 1673 2001 proxima

157 2012 352 2060 Supplicat
368 2012 505 2049 uestris
521 2013 742 2049 reuerentiis
758 2013 782 2049 J
785 2013 951 2050 ohannes
970 2013 1096 2050 Herde
1112 2013 1202 2050 olim
1219 2013 1343 2049 socius
1359 2014 1502 2060 collegii
1520 2014 1653 2061 regalis
1671 2018 1713 2050 vt

250 2070 420 2107 studium
440 2074 483 2107 12
507 2083 693 2108 annorum
710 2071 750 2108 in
774 2071 961 2108 medicina
981 2075 1183 2119 postquam
1206 2073 1400 2108 recesserit
1421 2072 1471 2108 ab
1493 2073 1712 2109 achademia

250 2130 412 2167 sufficiat
428 2130 462 2167 ei
484 2130 532 2167 ad
555 2131 811 2178 incipiendum
828 2131 867 2167 in
891 2131 1022 2168 eadem
1047 2131 1228 2168 facultate
1249 2132 1303 2167 sic
1325 2131 1426 2178 quod
1448 2132 1530 2168 cius
1549 2132 1712 2168 eruditio

250 2189 355 2237 prius
377 2189 612 2226 examinetur
632 2192 671 2226 et
694 2189 923 2238 approbetur
946 2202 969 2226 a
994 2189 1142 2226 duobus
1166 2189 1382 2227 doctoribus
1404 2190 1571 2227 eiusdem
1597 2191 1710 2227 facul-

249 2249 343 2286 tatis

590 2521 901 2565 Bacchalaurei
931 2523 977 2565 in
1008 2523 1103 2566 iure
1134 2523 1255 2566 ciuili

157 2647 255 2684 Item
280 2651 326 2684 23
350 2647 457 2685 Junii
483 2648 700 2685 conceditur
729 2648 921 2685 Leonardo
951 2649 1106 2686 Howlut
1133 2652 1176 2686 vt
1204 2650 1375 2686 studium
1408 2654 1492 2687 octo
1524 2662 1709 2687 annorum

248 2707 288 2742 in
306 2707 384 2744 iure
400 2707 501 2744 civili
518 2708 679 2744 sufficiat
696 2707 730 2744 ei
747 2707 795 2744 ad
813 2708 1032 2744 intrandum
1050 2708 1089 2744 in
1106 2708 1236 2744 eodem
1253 2708 1334 2745 iure

235 2867 247 2888 ¹
271 2866 384 2900 These
399 2877 520 2901 names
535 2877 593 2901 are
608 2868 778 2910 arranged
794 2868 832 2902 in
848 2879 914 2902 one
930 2869 1072 2903 column
1089 2870 1194 2914 along
1210 2870 1270 2904 the
1286 2871 1422 2905 bottom
1437 2872 1476 2905 of
1489 2872 1513 2905 f.
1530 2872 1574 2906 50
1589 2882 1621 2906 a.

1728 1271 1870 1311 1:501>
