2008 3294
328 172 412 219 312
927 185 1079 218 GRAoE
1110 184 1234 218 Boox
1265 187 1295 218 Δ
1657 174 1878 231 [1577-78

132 490 162 528 f.
187 491 264 529 124
283 491 311 529 b
371 487 533 531 Gratiae
565 502 650 530 non
680 491 988 530 concernentes
1019 485 1181 543 gradus
1211 490 1290 527 aut
1322 485 1502 527 formam
1537 484 1835 527 scholasticam

328 639 556 676 Conceditur
586 643 630 676 12
659 639 833 683 Octobris
865 642 908 674 vt
941 638 1127 674 terminus
1159 638 1340 674 hodierno
1372 637 1434 674 die
1465 637 1694 673 dissolvatur
1727 640 1880 684 propter

421 701 566 732 metum
579 697 697 744 pestis
707 707 824 743 vsque
834 695 881 731 ad
891 695 1032 731 festum
1042 695 1210 731 omnium
1225 699 1440 730 sanctorum
1454 694 1622 741 proxime
1634 706 1794 741 sequens
1804 706 1879 729 non

421 754 597 789 obstante
622 756 769 789 statuto
795 753 848 788 sic
874 756 1003 788 tamen
1034 757 1075 788 vt
1102 752 1257 798 collegia
1283 763 1413 787 omnes
1439 751 1682 787 scholasticas
1710 751 1878 797 disputa-

421 813 547 848 ciones
562 818 601 848 et
617 813 793 848 exercitia
814 811 916 847 domi
940 812 1138 861 diligenter
1161 811 1360 847 observent
1382 814 1421 847 et
1438 810 1586 857 publice
1602 810 1880 857 disputaciones

423 871 678 918 philosophice
699 883 767 918 pro
787 871 897 907 factis
923 874 1149 907 censeantur
1174 869 1298 917 quoad
1325 870 1525 916 magistros
1551 869 1616 916 qui
1643 869 1882 916 disputarent

424 931 567 966 interea
583 931 637 966 sic
654 934 696 966 vt
712 930 869 966 bedellis
885 930 1035 966 solitam
1054 930 1251 965 collectam
1268 929 1438 976 pendant

330 989 557 1025 Conceditur
590 992 611 1024 2
647 989 875 1025 Novembris
907 1001 1024 1035 quum
1059 989 1232 1035 contagio
1266 988 1385 1035 pestis
1419 987 1540 1023 indies
1572 987 1721 1034 longius
1753 990 1881 1033 serpat

424 1052 463 1083 et
486 1048 524 1084 in
549 1060 665 1083 novas
690 1048 854 1084 familias
874 1051 1067 1094 grassetur
1090 1051 1132 1083 vt
1154 1048 1342 1083 terminus
1367 1046 1596 1083 dissolvatur
1619 1058 1736 1092 vsque
1761 1045 1809 1081 ad
1837 1048 1880 1081 13

423 1106 523 1143 diem
545 1107 569 1142 J
572 1107 717 1142 anuarii
740 1106 953 1153 proximum
973 1118 1049 1142 non
1073 1105 1249 1142 obstante
1272 1108 1420 1141 statuto
1440 1106 1494 1141 sic
1515 1108 1643 1141 tamen
1663 1108 1705 1140 vt
1727 1104 1880 1151 collegia

423 1165 704 1212 disputaciones
735 1169 775 1201 et
803 1165 979 1201 exercitia
1006 1165 1232 1201 scholastica
1258 1164 1361 1200 domi
1388 1164 1588 1210 diligenter
1614 1163 1812 1199 observent
1841 1166 1880 1199 et

423 1225 572 1271 publice
589 1225 869 1272 disputaciones
886 1225 1148 1272 philosophice
1164 1237 1232 1272 pro
1247 1225 1360 1261 factis
1371 1227 1596 1261 censeantur
1609 1224 1733 1271 quoad
1747 1225 1880 1271 magis-

421 1286 501 1319 tros
512 1284 578 1330 qui
592 1284 734 1320 interea
746 1284 987 1331 disputarent
999 1284 1053 1320 sic
1066 1287 1108 1320 vt
1122 1283 1277 1320 bedellis
1290 1286 1509 1320 consuetam
1524 1283 1672 1319 solvant
1685 1283 1878 1319 collectam

420 1347 460 1378 et
476 1343 619 1379 interea
635 1344 816 1390 temporis
833 1344 1002 1391 sophista
1019 1344 1121 1380 licite
1139 1344 1286 1390 possint
1303 1343 1498 1390 disputare
1515 1343 1626 1378 modo
1639 1342 1736 1378 alter
1747 1342 1879 1378 collec-

421 1407 547 1438 torum
564 1403 716 1439 intersit
732 1415 819 1439 cum
835 1403 965 1439 decem
982 1403 1068 1439 aliis
1085 1403 1267 1450 sophistis
1285 1402 1522 1450 generalibus

326 1462 554 1498 Conceditur
570 1465 591 1498 2
609 1463 835 1499 Novembris
852 1467 894 1499 vt
913 1463 1090 1509 magister
1107 1463 1198 1499 Tho.
1219 1463 1354 1498 Muffet
1372 1462 1512 1498 habeat
1530 1462 1659 1498 literas
1683 1473 1879 1497 conversa-

421 1522 539 1558 cionis
555 1525 595 1558 et
610 1522 748 1569 gradus
764 1523 949 1570 sigillatas
966 1523 1089 1570 sigillo
1107 1526 1233 1559 vestro
1251 1522 1443 1558 communi

328 1580 470 1616 Eadem
487 1581 609 1628 gratia
625 1581 843 1617 conceditur
859 1585 881 1616 4
899 1581 1029 1617 Martii
1050 1581 1229 1628 magistro
1245 1581 1347 1627 Step.
1366 1580 1390 1616 J
1393 1592 1500 1617 erves

328 1639 556 1676 Conceditur
572 1643 619 1676 24
635 1641 658 1676 J
661 1641 806 1677 anuarii
826 1641 1006 1687 magistro
1023 1641 1140 1677 Anth.
1158 1640 1269 1677 Rudd
1286 1652 1390 1676 sacre
1407 1639 1592 1686 theologie
1609 1638 1879 1675 bacchalaureo

422 1702 466 1735 vt
486 1700 538 1735 sit
560 1711 658 1735 vnus
679 1711 723 1736 ex
748 1702 792 1735 12
813 1700 1110 1747 predicatoribus
1127 1700 1197 1736 hoc
1214 1712 1314 1736 anno
1331 1711 1398 1747 per
1414 1699 1645 1735 academiam
1661 1698 1881 1735 emittendis

421 1759 476 1795 sic
502 1763 545 1795 vt
572 1771 685 1806 super
714 1759 783 1795 hac
813 1762 938 1796 vestra
963 1760 1202 1796 concessione
1228 1759 1357 1796 literas
1383 1758 1522 1795 habeat
1550 1758 1734 1805 sigillatas
1758 1758 1880 1804 sigillo

423 1820 548 1853 vestro
572 1818 763 1854 communi

329 1876 471 1912 Eadem
500 1877 622 1923 gratia
651 1876 871 1912 conceditur
898 1876 1029 1913 eodem
1060 1876 1167 1913 Geor.
1199 1876 1297 1923 Styll
1327 1876 1366 1911 in
1396 1874 1543 1911 artibus
1574 1875 1753 1921 magistro
1833 1878 1878 1911 25

421 1935 593 1972 Januarii
619 1935 728 1972 Abeli
755 1935 892 1983 Smyth
917 1947 1021 1972 sacre
1046 1936 1230 1982 theologie
1255 1935 1523 1972 bacchalaureo
1611 1937 1653 1970 21
1687 1934 1879 1971 Februarii

423 1993 627 2041 Reginaldo
649 1994 834 2042 Whitfyld
861 1994 899 2030 in
925 1994 1072 2031 artibus
1091 1994 1271 2041 magistro
1335 1996 1374 2029 2ο
1398 1993 1488 2029 Maii
1513 1992 1576 2029 W⁰
1597 1992 1752 2039 Morgan
1775 2005 1879 2029 sacre

421 2052 606 2100 theologie
639 2052 905 2089 bacchalaureo
999 2056 1044 2089 23
1076 2053 1100 2089 J
1104 2053 1183 2089 unii
1217 2052 1281 2089 W⁰
1314 2051 1526 2088 Whitacres
1559 2063 1663 2087 sacre
1695 2051 1879 2099 theologie

420 2111 687 2148 bacchalaureo
742 2115 782 2148 et
797 2111 821 2148 J
823 2123 855 2148 o,
875 2112 1099 2159 Langworth
1118 2115 1156 2148 2ο
1172 2112 1195 2148 J
1200 2112 1265 2148 ulii
1285 2123 1388 2147 sacre
1406 2110 1591 2157 theologie
1607 2110 1877 2147 bacchalaureo

422 2173 466 2206 24
483 2169 654 2206 Januarii
675 2172 765 2208 1577
785 2169 943 2206 Ricardo
961 2170 1133 2207 Fletcher
1149 2182 1252 2207 sacre
1268 2170 1453 2217 theologie
1470 2169 1738 2206 bacchalaureo

326 2228 554 2266 Conceditur
582 2232 604 2264 5
634 2228 859 2266 Novembris
888 2235 930 2266 vt
960 2229 1215 2266 bacchalaurei
1243 2230 1383 2266 artium
1414 2228 1579 2265 habeant
1608 2228 1647 2264 in
1674 2240 1742 2265 suo
1771 2241 1878 2275 grege

420 2288 706 2325 exercitaciones
738 2292 937 2325 consuetas
961 2293 1001 2325 et
1024 2289 1360 2326 determinaciones
1386 2289 1423 2325 in
1449 2288 1586 2325 scholis
1611 2288 1772 2335 publicis
1803 2301 1876 2324 non

420 2346 595 2384 obstante
619 2347 771 2385 termini
796 2347 1044 2384 dissolucione
1068 2349 1121 2384 ita
1145 2353 1186 2384 vt
1208 2348 1303 2384 alter
1326 2347 1605 2384 moderatorum
1630 2347 1781 2384 intersit
1805 2359 1878 2383 vua

421 2418 506 2443 cum
525 2419 548 2443 x
566 2406 844 2443 bacchalaureis

327 2464 554 2502 Conceditur
572 2467 614 2502 17
632 2464 803 2501 Januarii
824 2476 941 2512 quum
967 2464 1014 2501 de
1035 2463 1213 2501 laudabili
1236 2468 1275 2500 et
1298 2463 1429 2500 multis
1452 2464 1526 2500 iam
1550 2464 1746 2500 retroactis
1769 2464 1878 2500 annis

422 2528 571 2572 recepta
586 2522 856 2560 consuetudine
872 2522 1008 2570 singuli
1028 2523 1065 2559 in
1083 2522 1249 2559 ordinem
1267 2521 1462 2559 doctorum
1480 2522 1645 2570 cooptati
1666 2522 1773 2558 festis
1795 2522 1877 2569 qui-

424 2582 580 2620 bundam
613 2581 746 2619 diebus
778 2585 818 2618 et
850 2581 1010 2629 publicis
1043 2581 1260 2630 prescriptis
1293 2579 1541 2617 conventibus
1575 2581 1613 2617 in
1643 2581 1717 2618 ista
1746 2581 1878 2617 charta

422 2641 626 2678 nominatis
660 2641 697 2677 in
733 2639 924 2688 publicum
959 2639 1106 2688 prodire
1136 2651 1211 2676 non
1241 2640 1505 2676 consueverint
1530 2639 1602 2676 nisi
1629 2639 1752 2676 induti
1780 2639 1878 2686 togis

422 2701 561 2737 murice
586 2700 715 2737 tinctis
744 2699 868 2736 Placet
891 2698 995 2735 vobis
1021 2703 1062 2736 vt
1085 2698 1222 2746 singuli
1251 2697 1464 2735 huiusmodi
1492 2697 1697 2746 predictam
1724 2710 1877 2734 consue-

421 2760 590 2797 tudinem
608 2759 759 2806 dignam
776 2758 972 2806 majestate
984 2757 1173 2795 academie
1187 2757 1454 2795 inviolabiliter
1466 2758 1663 2795 observare
1676 2761 1878 2794 teneantur

418 2820 491 2856 nub
509 2831 603 2867 pona
619 2822 659 2855 et
677 2818 817 2855 mulcta
835 2830 885 2855 ιε
903 2817 1030 2866 legalis
1049 2821 1197 2854 monete
1215 2817 1351 2864 Anglie
1374 2816 1522 2865 publico
1543 2816 1734 2853 academie
1757 2817 1876 2853 erario

421 2877 747 2925 lmmlvundormu
771 2876 920 2923 quoties
941 2876 1098 2912 emulum
1125 2876 1347 2912 violaverint
1363 2887 1477 2923 qnam
1496 2887 1683 2912 summam
1703 2876 1774 2912 nisi
1793 2888 1874 2923 pro-
