<?xml version="1.0" encoding="UTF-8"?>
<!DOCTYPE html PUBLIC "-//W3C//DTD XHTML 1.0 Transitional//EN"
    "http://www.w3.org/TR/xhtml1/DTD/xhtml1-transitional.dtd">
<html xmlns="http://www.w3.org/1999/xhtml" xml:lang="en" lang="en">
 <head>
  <title>
</title>
<meta http-equiv="Content-Type" content="text/html;charset=utf-8" />
  <meta name='ocr-system' content='tesseract 3.04.00' />
  <meta name='ocr-capabilities' content='ocr_page ocr_carea ocr_par ocr_line ocrx_word'/>
</head>
<body>
  <div class='ocr_page' id='page_1' title='image "./gracebookdeltaco00univuoft_0040.png"; bbox 0 0 2002 3236; ppageno 0'>
   <div class='ocr_carea' id='block_1_1' title="bbox 336 176 1876 237">
    <p class='ocr_par' dir='ltr' id='par_1_1' title="bbox 336 176 1876 237">
     <span class='ocr_line' id='line_1_1' title="bbox 336 176 1876 237; baseline -0.001 -13"><span class='ocrx_word' id='word_1_1' title='bbox 336 176 362 219; x_wconf 91' lang='lat'>6</span> <span class='ocrx_word' id='word_1_2' title='bbox 916 190 1069 224; x_wconf 66' lang='lat' dir='ltr'><strong>emon</strong></span> <span class='ocrx_word' id='word_1_3' title='bbox 1098 191 1223 224; x_wconf 83' lang='lat' dir='ltr'>BOOK</span> <span class='ocrx_word' id='word_1_4' title='bbox 1252 193 1283 224; x_wconf 84' lang='grc' dir='ltr'>Δ</span> <span class='ocrx_word' id='word_1_5' title='bbox 1655 179 1876 237; x_wconf 78' lang='lat'>[1542-43</span> 
     </span>
    </p>
   </div>
   <div class='ocr_carea' id='block_1_2' title="bbox 202 427 1417 494">
    <p class='ocr_par' dir='ltr' id='par_1_2' title="bbox 202 427 1417 494">
     <span class='ocr_line' id='line_1_2' title="bbox 202 427 1417 494; baseline 0.014 -30"><span class='ocrx_word' id='word_1_6' title='bbox 202 427 227 465; x_wconf 79' lang='lat' dir='ltr'><strong>s.</strong></span> <span class='ocrx_word' id='word_1_7' title='bbox 250 427 274 465; x_wconf 88' lang='lat'><strong>3</strong></span> <span class='ocrx_word' id='word_1_8' title='bbox 289 441 314 466; x_wconf 87' lang='lat' dir='ltr'><strong>a</strong></span> <span class='ocrx_word' id='word_1_9' title='bbox 787 434 1094 478; x_wconf 73' lang='lat' dir='ltr'><strong>Bacchalaurei</strong></span> <span class='ocrx_word' id='word_1_10' title='bbox 1122 435 1167 478; x_wconf 90' lang='lat' dir='ltr'><strong>in</strong></span> <span class='ocrx_word' id='word_1_11' title='bbox 1199 436 1417 494; x_wconf 87' lang='lat' dir='ltr'><strong>theologia</strong></span> 
     </span>
    </p>
   </div>
   <div class='ocr_carea' id='block_1_3' title="bbox 321 532 1879 2944">
    <p class='ocr_par' dir='ltr' id='par_1_3' title="bbox 331 532 1876 875">
     <span class='ocr_line' id='line_1_3' title="bbox 331 532 1876 586; baseline 0.003 -18"><span class='ocrx_word' id='word_1_12' title='bbox 331 532 378 568; x_wconf 90' lang='lat' dir='ltr'><strong>In</strong></span> <span class='ocrx_word' id='word_1_13' title='bbox 410 534 543 580; x_wconf 89' lang='lat' dir='ltr'><strong>primis</strong></span> <span class='ocrx_word' id='word_1_14' title='bbox 574 535 792 572; x_wconf 77' lang='lat' dir='ltr'><strong>conceditur</strong></span> <span class='ocrx_word' id='word_1_15' title='bbox 823 536 963 572; x_wconf 88' lang='lat' dir='ltr'><strong>Joanni</strong></span> <span class='ocrx_word' id='word_1_16' title='bbox 996 537 1142 573; x_wconf 81' lang='lat' dir='ltr'><strong>Madew</strong></span> <span class='ocrx_word' id='word_1_17' title='bbox 1172 540 1215 574; x_wconf 89' lang='lat' dir='ltr'><strong>vt</strong></span> <span class='ocrx_word' id='word_1_18' title='bbox 1247 538 1416 575; x_wconf 89' lang='lat' dir='ltr'><strong>studium</strong></span> <span class='ocrx_word' id='word_1_19' title='bbox 1449 543 1594 586; x_wconf 78' lang='lat' dir='ltr'><strong>septem</strong></span> <span class='ocrx_word' id='word_1_20' title='bbox 1625 549 1809 574; x_wconf 87' lang='lat' dir='ltr'><strong>annorum</strong></span> <span class='ocrx_word' id='word_1_21' title='bbox 1837 537 1876 572; x_wconf 93' lang='lat' dir='ltr'><strong>in</strong></span> 
     </span>
     <span class='ocr_line' id='line_1_4' title="bbox 423 592 1876 643; baseline 0.001 -15"><span class='ocrx_word' id='word_1_22' title='bbox 423 592 610 639; x_wconf 81' lang='lat' dir='ltr'><strong>theologia</strong></span> <span class='ocrx_word' id='word_1_23' title='bbox 641 597 728 640; x_wconf 87' lang='lat' dir='ltr'><strong>post</strong></span> <span class='ocrx_word' id='word_1_24' title='bbox 758 594 1006 630; x_wconf 88' lang='lat' dir='ltr'><strong>neeessariam</strong></span> <span class='ocrx_word' id='word_1_25' title='bbox 1039 595 1246 641; x_wconf 87' lang='lat' dir='ltr'><strong>regentiam</strong></span> <span class='ocrx_word' id='word_1_26' title='bbox 1278 596 1387 632; x_wconf 86' lang='lat' dir='ltr'><strong>vnica</strong></span> <span class='ocrx_word' id='word_1_27' title='bbox 1420 608 1506 632; x_wconf 88' lang='lat' dir='ltr'><strong>cum</strong></span> <span class='ocrx_word' id='word_1_28' title='bbox 1541 596 1782 643; x_wconf 83' lang='lat' dir='ltr'><strong>responsione</strong></span> <span class='ocrx_word' id='word_1_29' title='bbox 1815 594 1876 631; x_wconf 91' lang='lat' dir='ltr'><strong>uel</strong></span> 
     </span>
     <span class='ocr_line' id='line_1_5' title="bbox 424 651 1876 701; baseline 0.003 -15"><span class='ocrx_word' id='word_1_30' title='bbox 424 651 601 687; x_wconf 81' lang='lat' dir='ltr'><strong>concione</strong></span> <span class='ocrx_word' id='word_1_31' title='bbox 626 652 674 688; x_wconf 78' lang='lat' dir='ltr'><strong>ad</strong></span> <span class='ocrx_word' id='word_1_32' title='bbox 702 653 843 688; x_wconf 87' lang='lat' dir='ltr'><strong>clerum</strong></span> <span class='ocrx_word' id='word_1_33' title='bbox 871 656 960 689; x_wconf 77' lang='lat' dir='ltr'><strong>ante</strong></span> <span class='ocrx_word' id='word_1_34' title='bbox 986 654 1125 700; x_wconf 86' lang='lat' dir='ltr'><strong>pascha</strong></span> <span class='ocrx_word' id='word_1_35' title='bbox 1153 655 1321 701; x_wconf 83' lang='lat' dir='ltr'><strong>proxime</strong></span> <span class='ocrx_word' id='word_1_36' title='bbox 1353 655 1525 691; x_wconf 81' lang='lat' dir='ltr'><strong>futurum</strong></span> <span class='ocrx_word' id='word_1_37' title='bbox 1558 666 1645 691; x_wconf 88' lang='lat' dir='ltr'><strong>cum</strong></span> <span class='ocrx_word' id='word_1_38' title='bbox 1673 655 1758 690; x_wconf 87' lang='lat' dir='ltr'><strong>aliis</strong></span> <span class='ocrx_word' id='word_1_39' title='bbox 1790 666 1876 690; x_wconf 86' lang='lat' dir='ltr'><strong>con-</strong></span> 
     </span>
     <span class='ocr_line' id='line_1_6' title="bbox 424 709 1874 749; baseline 0.003 -4"><span class='ocrx_word' id='word_1_40' title='bbox 424 709 594 746; x_wconf 88' lang='lat' dir='ltr'><strong>cionibus</strong></span> <span class='ocrx_word' id='word_1_41' title='bbox 621 711 740 747; x_wconf 85' lang='lat' dir='ltr'><strong>altera</strong></span> <span class='ocrx_word' id='word_1_42' title='bbox 764 711 812 748; x_wconf 82' lang='lat' dir='ltr'><strong>ad</strong></span> <span class='ocrx_word' id='word_1_43' title='bbox 841 712 982 748; x_wconf 88' lang='lat' dir='ltr'><strong>clerum</strong></span> <span class='ocrx_word' id='word_1_44' title='bbox 1008 712 1128 748; x_wconf 89' lang='lat' dir='ltr'><strong>altera</strong></span> <span class='ocrx_word' id='word_1_45' title='bbox 1155 712 1203 749; x_wconf 90' lang='lat' dir='ltr'><strong>ad</strong></span> <span class='ocrx_word' id='word_1_46' title='bbox 1233 725 1380 749; x_wconf 88' lang='lat' dir='ltr'><strong>crucem</strong></span> <span class='ocrx_word' id='word_1_47' title='bbox 1408 713 1515 749; x_wconf 86' lang='lat' dir='ltr'><strong>Pauli</strong></span> <span class='ocrx_word' id='word_1_48' title='bbox 1544 714 1734 749; x_wconf 89' lang='lat' dir='ltr'><strong>sufficiant</strong></span> <span class='ocrx_word' id='word_1_49' title='bbox 1759 713 1793 748; x_wconf 86' lang='lat' dir='ltr'><strong>ei</strong></span> <span class='ocrx_word' id='word_1_50' title='bbox 1826 712 1874 748; x_wconf 87' lang='lat' dir='ltr'><strong>ad</strong></span> 
     </span>
     <span class='ocr_line' id='line_1_7' title="bbox 423 767 1874 816; baseline 0.001 -13"><span class='ocrx_word' id='word_1_51' title='bbox 423 767 686 814; x_wconf 89' lang='lat' dir='ltr'><strong>opponendum</strong></span> <span class='ocrx_word' id='word_1_52' title='bbox 712 772 752 804; x_wconf 89' lang='lat' dir='ltr'><strong>et</strong></span> <span class='ocrx_word' id='word_1_53' title='bbox 777 768 996 804; x_wconf 87' lang='lat' dir='ltr'><strong>intrandum</strong></span> <span class='ocrx_word' id='word_1_54' title='bbox 1021 769 1062 804; x_wconf 89' lang='lat' dir='ltr'><strong>in</strong></span> <span class='ocrx_word' id='word_1_55' title='bbox 1088 769 1275 816; x_wconf 85' lang='lat' dir='ltr'><strong>theologia</strong></span> <span class='ocrx_word' id='word_1_56' title='bbox 1323 769 1385 805; x_wconf 86' lang='lat' dir='ltr'><strong>Sic</strong></span> <span class='ocrx_word' id='word_1_57' title='bbox 1409 770 1510 816; x_wconf 87' lang='lat' dir='ltr'><strong>quod</strong></span> <span class='ocrx_word' id='word_1_58' title='bbox 1538 770 1766 806; x_wconf 77' lang='lat' dir='ltr'><strong>admittatur</strong></span> <span class='ocrx_word' id='word_1_59' title='bbox 1794 773 1874 805; x_wconf 82' lang='lat' dir='ltr'><strong>tam</strong></span> 
     </span>
     <span class='ocr_line' id='line_1_8' title="bbox 422 823 1707 875; baseline 0.003 -15"><span class='ocrx_word' id='word_1_60' title='bbox 422 823 470 860; x_wconf 80' lang='lat' dir='ltr'><strong>ad</strong></span> <span class='ocrx_word' id='word_1_61' title='bbox 495 825 760 872; x_wconf 89' lang='lat' dir='ltr'><strong>opponendum</strong></span> <span class='ocrx_word' id='word_1_62' title='bbox 776 837 892 872; x_wconf 92' lang='lat' dir='ltr'><strong>quam</strong></span> <span class='ocrx_word' id='word_1_63' title='bbox 908 826 956 862; x_wconf 76' lang='lat' dir='ltr'><strong>ad</strong></span> <span class='ocrx_word' id='word_1_64' title='bbox 973 826 1193 862; x_wconf 85' lang='lat' dir='ltr'><strong>intrandum</strong></span> <span class='ocrx_word' id='word_1_65' title='bbox 1211 827 1307 863; x_wconf 83' lang='lat' dir='ltr'><strong>citra</strong></span> <span class='ocrx_word' id='word_1_66' title='bbox 1322 828 1516 864; x_wconf 88' lang='lat' dir='ltr'><strong>commitia</strong></span> <span class='ocrx_word' id='word_1_67' title='bbox 1538 828 1707 875; x_wconf 85' lang='lat' dir='ltr'><strong>proxima</strong></span> 
     </span>
    </p>

    <p class='ocr_par' dir='ltr' id='par_1_4' title="bbox 327 883 1878 1335">
     <span class='ocr_line' id='line_1_9' title="bbox 327 883 1874 934; baseline 0.001 -15"><span class='ocrx_word' id='word_1_68' title='bbox 327 883 426 919; x_wconf 90' lang='lat' dir='ltr'><strong>Item</strong></span> <span class='ocrx_word' id='word_1_69' title='bbox 458 884 677 920; x_wconf 82' lang='lat' dir='ltr'><strong>conceditur</strong></span> <span class='ocrx_word' id='word_1_70' title='bbox 708 884 860 921; x_wconf 89' lang='lat' dir='ltr'><strong>Oliuero</strong></span> <span class='ocrx_word' id='word_1_71' title='bbox 890 885 1161 933; x_wconf 83' lang='lat' dir='ltr'><strong>Aynesworthe</strong></span> <span class='ocrx_word' id='word_1_72' title='bbox 1187 889 1230 921; x_wconf 88' lang='lat' dir='ltr'><strong>vt</strong></span> <span class='ocrx_word' id='word_1_73' title='bbox 1251 885 1422 922; x_wconf 90' lang='lat' dir='ltr'><strong>studium</strong></span> <span class='ocrx_word' id='word_1_74' title='bbox 1451 891 1597 934; x_wconf 83' lang='lat' dir='ltr'><strong>septem</strong></span> <span class='ocrx_word' id='word_1_75' title='bbox 1625 898 1808 923; x_wconf 88' lang='lat' dir='ltr'><strong>annorum</strong></span> <span class='ocrx_word' id='word_1_76' title='bbox 1835 886 1874 920; x_wconf 91' lang='lat' dir='ltr'><strong>in</strong></span> 
     </span>
     <span class='ocr_line' id='line_1_10' title="bbox 418 942 1874 991; baseline 0.001 -13"><span class='ocrx_word' id='word_1_77' title='bbox 418 942 604 989; x_wconf 87' lang='lat' dir='ltr'><strong>theologia</strong></span> <span class='ocrx_word' id='word_1_78' title='bbox 631 946 718 990; x_wconf 88' lang='lat' dir='ltr'><strong>post</strong></span> <span class='ocrx_word' id='word_1_79' title='bbox 744 944 825 980; x_wconf 87' lang='lat' dir='ltr'><strong>eius</strong></span> <span class='ocrx_word' id='word_1_80' title='bbox 854 944 1102 980; x_wconf 86' lang='lat' dir='ltr'><strong>necessariam</strong></span> <span class='ocrx_word' id='word_1_81' title='bbox 1126 944 1331 991; x_wconf 87' lang='lat' dir='ltr'><strong>regentiam</strong></span> <span class='ocrx_word' id='word_1_82' title='bbox 1356 956 1443 981; x_wconf 91' lang='lat' dir='ltr'><strong>cum</strong></span> <span class='ocrx_word' id='word_1_83' title='bbox 1466 944 1614 982; x_wconf 87' lang='lat' dir='ltr'><strong>duobus</strong></span> <span class='ocrx_word' id='word_1_84' title='bbox 1638 943 1874 981; x_wconf 81' lang='lat' dir='ltr'><strong>sermonibus</strong></span> 
     </span>
     <span class='ocr_line' id='line_1_11' title="bbox 419 1001 1875 1051; baseline 0.001 -14"><span class='ocrx_word' id='word_1_85' title='bbox 419 1013 494 1037; x_wconf 87' lang='lat' dir='ltr'><strong>vno</strong></span> <span class='ocrx_word' id='word_1_86' title='bbox 525 1001 573 1038; x_wconf 87' lang='lat' dir='ltr'><strong>ad</strong></span> <span class='ocrx_word' id='word_1_87' title='bbox 605 1002 746 1038; x_wconf 90' lang='lat' dir='ltr'><strong>clerum</strong></span> <span class='ocrx_word' id='word_1_88' title='bbox 778 1003 896 1039; x_wconf 85' lang='lat' dir='ltr'><strong>altero</strong></span> <span class='ocrx_word' id='word_1_89' title='bbox 929 1003 977 1039; x_wconf 85' lang='lat' dir='ltr'><strong>ad</strong></span> <span class='ocrx_word' id='word_1_90' title='bbox 1009 1014 1159 1039; x_wconf 86' lang='lat' dir='ltr'><strong>crucem</strong></span> <span class='ocrx_word' id='word_1_91' title='bbox 1193 1003 1299 1039; x_wconf 90' lang='lat' dir='ltr'><strong>Pauli</strong></span> <span class='ocrx_word' id='word_1_92' title='bbox 1332 1006 1371 1039; x_wconf 91' lang='lat' dir='ltr'><strong>et</strong></span> <span class='ocrx_word' id='word_1_93' title='bbox 1403 1004 1513 1040; x_wconf 88' lang='lat' dir='ltr'><strong>vnica</strong></span> <span class='ocrx_word' id='word_1_94' title='bbox 1546 1004 1785 1051; x_wconf 83' lang='lat' dir='ltr'><strong>responsione</strong></span> <span class='ocrx_word' id='word_1_95' title='bbox 1816 1002 1875 1039; x_wconf 87' lang='lat' dir='ltr'><strong>vel</strong></span> 
     </span>
     <span class='ocr_line' id='line_1_12' title="bbox 420 1060 1878 1110; baseline 0 -14"><span class='ocrx_word' id='word_1_96' title='bbox 420 1060 593 1107; x_wconf 89' lang='lat' dir='ltr'><strong>pluribus</strong></span> <span class='ocrx_word' id='word_1_97' title='bbox 625 1062 657 1097; x_wconf 91' lang='lat' dir='ltr'><strong>si</strong></span> <span class='ocrx_word' id='word_1_98' title='bbox 690 1061 889 1109; x_wconf 85' lang='lat' dir='ltr'><strong>exigantur</strong></span> <span class='ocrx_word' id='word_1_99' title='bbox 917 1061 1102 1098; x_wconf 84' lang='lat' dir='ltr'><strong>habendis</strong></span> <span class='ocrx_word' id='word_1_100' title='bbox 1132 1062 1302 1109; x_wconf 86' lang='lat' dir='ltr'><strong>proximo</strong></span> <span class='ocrx_word' id='word_1_101' title='bbox 1329 1074 1428 1098; x_wconf 88' lang='lat' dir='ltr'><strong>anno</strong></span> <span class='ocrx_word' id='word_1_102' title='bbox 1460 1062 1532 1099; x_wconf 88' lang='lat' dir='ltr'><strong>sub</strong></span> <span class='ocrx_word' id='word_1_103' title='bbox 1563 1075 1660 1110; x_wconf 86' lang='lat' dir='ltr'><strong>pena</strong></span> <span class='ocrx_word' id='word_1_104' title='bbox 1692 1062 1878 1099; x_wconf 82' lang='lat' dir='ltr'><strong>cautionis</strong></span> 
     </span>
     <span class='ocr_line' id='line_1_13' title="bbox 420 1119 1875 1169; baseline 0 -13"><span class='ocrx_word' id='word_1_105' title='bbox 420 1119 532 1156; x_wconf 85' lang='lat' dir='ltr'><strong>realis</strong></span> <span class='ocrx_word' id='word_1_106' title='bbox 553 1119 604 1156; x_wconf 83' lang='lat' dir='ltr'><strong>xl·</strong></span> <span class='ocrx_word' id='word_1_107' title='bbox 626 1121 665 1156; x_wconf 91' lang='lat' dir='ltr'><strong>in</strong></span> <span class='ocrx_word' id='word_1_108' title='bbox 686 1121 862 1157; x_wconf 80' lang='lat' dir='ltr'><strong>manibus</strong></span> <span class='ocrx_word' id='word_1_109' title='bbox 882 1124 1165 1168; x_wconf 86' lang='lat' dir='ltr'><strong>procuratorum</strong></span> <span class='ocrx_word' id='word_1_110' title='bbox 1187 1125 1393 1168; x_wconf 87' lang='lat' dir='ltr'><strong>antequam</strong></span> <span class='ocrx_word' id='word_1_111' title='bbox 1415 1121 1643 1158; x_wconf 83' lang='lat' dir='ltr'><strong>admittatur</strong></span> <span class='ocrx_word' id='word_1_112' title='bbox 1658 1121 1875 1169; x_wconf 88' lang='lat' dir='ltr'><strong>deponende</strong></span> 
     </span>
     <span class='ocr_line' id='line_1_14' title="bbox 420 1180 1875 1228; baseline -0.001 -12"><span class='ocrx_word' id='word_1_113' title='bbox 420 1180 583 1216; x_wconf 83' lang='lat' dir='ltr'><strong>sufficiat</strong></span> <span class='ocrx_word' id='word_1_114' title='bbox 615 1180 649 1216; x_wconf 86' lang='lat' dir='ltr'><strong>ei</strong></span> <span class='ocrx_word' id='word_1_115' title='bbox 681 1180 731 1216; x_wconf 86' lang='lat' dir='ltr'><strong>ad</strong></span> <span class='ocrx_word' id='word_1_116' title='bbox 764 1180 1030 1228; x_wconf 88' lang='lat' dir='ltr'><strong>opponendum</strong></span> <span class='ocrx_word' id='word_1_117' title='bbox 1062 1183 1102 1216; x_wconf 92' lang='lat' dir='ltr'><strong>et</strong></span> <span class='ocrx_word' id='word_1_118' title='bbox 1134 1180 1356 1216; x_wconf 89' lang='lat' dir='ltr'><strong>intrandum</strong></span> <span class='ocrx_word' id='word_1_119' title='bbox 1388 1180 1428 1216; x_wconf 90' lang='lat' dir='ltr'><strong>in</strong></span> <span class='ocrx_word' id='word_1_120' title='bbox 1457 1180 1573 1216; x_wconf 91' lang='lat' dir='ltr'><strong>libros</strong></span> <span class='ocrx_word' id='word_1_121' title='bbox 1601 1180 1875 1217; x_wconf 85' lang='lat' dir='ltr'><strong>sententiarum</strong></span> 
     </span>
     <span class='ocr_line' id='line_1_15' title="bbox 421 1239 1876 1288; baseline -0.001 -12"><span class='ocrx_word' id='word_1_122' title='bbox 421 1239 484 1276; x_wconf 83' lang='lat' dir='ltr'><strong>Ita</strong></span> <span class='ocrx_word' id='word_1_123' title='bbox 509 1242 553 1275; x_wconf 84' lang='lat' dir='ltr'><strong>vt</strong></span> <span class='ocrx_word' id='word_1_124' title='bbox 583 1240 704 1287; x_wconf 84' lang='lat' dir='ltr'><strong>possit</strong></span> <span class='ocrx_word' id='word_1_125' title='bbox 730 1239 884 1276; x_wconf 86' lang='lat' dir='ltr'><strong>admitti</strong></span> <span class='ocrx_word' id='word_1_126' title='bbox 910 1240 959 1276; x_wconf 87' lang='lat' dir='ltr'><strong>ad</strong></span> <span class='ocrx_word' id='word_1_127' title='bbox 985 1239 1250 1287; x_wconf 90' lang='lat' dir='ltr'><strong>opponendum</strong></span> <span class='ocrx_word' id='word_1_128' title='bbox 1278 1243 1318 1276; x_wconf 89' lang='lat' dir='ltr'><strong>et</strong></span> <span class='ocrx_word' id='word_1_129' title='bbox 1344 1239 1564 1276; x_wconf 88' lang='lat' dir='ltr'><strong>intrandum</strong></span> <span class='ocrx_word' id='word_1_130' title='bbox 1592 1244 1682 1277; x_wconf 85' lang='lat' dir='ltr'><strong>ante</strong></span> <span class='ocrx_word' id='word_1_131' title='bbox 1707 1240 1876 1288; x_wconf 84' lang='lat' dir='ltr'><strong>proxima</strong></span> 
     </span>
     <span class='ocr_line' id='line_1_16' title="bbox 419 1299 614 1335; baseline 0.005 -1"><span class='ocrx_word' id='word_1_132' title='bbox 419 1299 614 1335; x_wconf 87' lang='lat' dir='ltr'><strong>commitia</strong></span> 
     </span>
    </p>

    <p class='ocr_par' dir='ltr' id='par_1_5' title="bbox 327 1356 1877 1807">
     <span class='ocr_line' id='line_1_17' title="bbox 327 1356 1877 1405; baseline 0 -13"><span class='ocrx_word' id='word_1_133' title='bbox 327 1356 424 1393; x_wconf 90' lang='lat' dir='ltr'><strong>Item</strong></span> <span class='ocrx_word' id='word_1_134' title='bbox 441 1356 661 1393; x_wconf 87' lang='lat' dir='ltr'><strong>conceditur</strong></span> <span class='ocrx_word' id='word_1_135' title='bbox 679 1356 844 1393; x_wconf 87' lang='lat' dir='ltr'><strong>Waltero</strong></span> <span class='ocrx_word' id='word_1_136' title='bbox 869 1357 1029 1394; x_wconf 89' lang='lat' dir='ltr'><strong>Dormer</strong></span> <span class='ocrx_word' id='word_1_137' title='bbox 1045 1360 1088 1393; x_wconf 89' lang='lat' dir='ltr'><strong>vt</strong></span> <span class='ocrx_word' id='word_1_138' title='bbox 1100 1356 1270 1393; x_wconf 88' lang='lat' dir='ltr'><strong>studium</strong></span> <span class='ocrx_word' id='word_1_139' title='bbox 1283 1359 1429 1405; x_wconf 89' lang='lat' dir='ltr'><strong>septem</strong></span> <span class='ocrx_word' id='word_1_140' title='bbox 1441 1368 1626 1393; x_wconf 90' lang='lat' dir='ltr'><strong>annorum</strong></span> <span class='ocrx_word' id='word_1_141' title='bbox 1638 1357 1677 1393; x_wconf 93' lang='lat' dir='ltr'><strong>in</strong></span> <span class='ocrx_word' id='word_1_142' title='bbox 1691 1356 1877 1404; x_wconf 86' lang='lat' dir='ltr'><strong>theologia</strong></span> 
     </span>
     <span class='ocr_line' id='line_1_18' title="bbox 419 1414 1874 1463; baseline 0.001 -12"><span class='ocrx_word' id='word_1_143' title='bbox 419 1420 621 1463; x_wconf 88' lang='lat' dir='ltr'><strong>postquam</strong></span> <span class='ocrx_word' id='word_1_144' title='bbox 647 1416 785 1451; x_wconf 84' lang='lat' dir='ltr'><strong>rexerit</strong></span> <span class='ocrx_word' id='word_1_145' title='bbox 804 1427 891 1451; x_wconf 87' lang='lat' dir='ltr'><strong>eum</strong></span> <span class='ocrx_word' id='word_1_146' title='bbox 916 1415 1064 1451; x_wconf 92' lang='lat' dir='ltr'><strong>duobus</strong></span> <span class='ocrx_word' id='word_1_147' title='bbox 1088 1414 1324 1452; x_wconf 86' lang='lat' dir='ltr'><strong>sermonibus</strong></span> <span class='ocrx_word' id='word_1_148' title='bbox 1349 1427 1424 1452; x_wconf 85' lang='lat' dir='ltr'><strong>vno</strong></span> <span class='ocrx_word' id='word_1_149' title='bbox 1447 1415 1495 1452; x_wconf 85' lang='lat' dir='ltr'><strong>ad</strong></span> <span class='ocrx_word' id='word_1_150' title='bbox 1520 1416 1661 1452; x_wconf 86' lang='lat' dir='ltr'><strong>clerum</strong></span> <span class='ocrx_word' id='word_1_151' title='bbox 1685 1415 1803 1452; x_wconf 78' lang='lat' dir='ltr'><strong>altero</strong></span> <span class='ocrx_word' id='word_1_152' title='bbox 1827 1415 1874 1452; x_wconf 76' lang='lat' dir='ltr'><strong>ad</strong></span> 
     </span>
     <span class='ocr_line' id='line_1_19' title="bbox 420 1473 1877 1521; baseline 0.001 -12"><span class='ocrx_word' id='word_1_153' title='bbox 420 1485 567 1510; x_wconf 86' lang='lat' dir='ltr'><strong>crucem</strong></span> <span class='ocrx_word' id='word_1_154' title='bbox 586 1473 678 1510; x_wconf 89' lang='lat' dir='ltr'><strong>Palli</strong></span> <span class='ocrx_word' id='word_1_155' title='bbox 690 1474 784 1520; x_wconf 86' lang='lat' dir='ltr'><strong>(sic),</strong></span> <span class='ocrx_word' id='word_1_156' title='bbox 803 1477 843 1510; x_wconf 90' lang='lat' dir='ltr'><strong>et</strong></span> <span class='ocrx_word' id='word_1_157' title='bbox 858 1485 933 1509; x_wconf 87' lang='lat' dir='ltr'><strong>vna</strong></span> <span class='ocrx_word' id='word_1_158' title='bbox 949 1474 1190 1520; x_wconf 86' lang='lat' dir='ltr'><strong>responsione</strong></span> <span class='ocrx_word' id='word_1_159' title='bbox 1205 1476 1295 1510; x_wconf 82' lang='lat' dir='ltr'><strong>ante</strong></span> <span class='ocrx_word' id='word_1_160' title='bbox 1313 1474 1456 1510; x_wconf 87' lang='lat' dir='ltr'><strong>Pascha</strong></span> <span class='ocrx_word' id='word_1_161' title='bbox 1471 1474 1680 1521; x_wconf 87' lang='lat' dir='ltr'><strong>proximum</strong></span> <span class='ocrx_word' id='word_1_162' title='bbox 1705 1473 1877 1510; x_wconf 86' lang='lat' dir='ltr'><strong>habenda</strong></span> 
     </span>
     <span class='ocr_line' id='line_1_20' title="bbox 419 1532 1876 1580; baseline 0.001 -12"><span class='ocrx_word' id='word_1_163' title='bbox 419 1532 492 1568; x_wconf 90' lang='lat' dir='ltr'><strong>sub</strong></span> <span class='ocrx_word' id='word_1_164' title='bbox 516 1544 614 1579; x_wconf 86' lang='lat' dir='ltr'><strong>pena</strong></span> <span class='ocrx_word' id='word_1_165' title='bbox 645 1532 833 1568; x_wconf 85' lang='lat' dir='ltr'><strong>cautionis</strong></span> <span class='ocrx_word' id='word_1_166' title='bbox 865 1532 977 1568; x_wconf 87' lang='lat' dir='ltr'><strong>realis</strong></span> <span class='ocrx_word' id='word_1_167' title='bbox 1005 1532 1056 1568; x_wconf 84' lang='lat' dir='ltr'><strong>xl·</strong></span> <span class='ocrx_word' id='word_1_168' title='bbox 1087 1532 1127 1568; x_wconf 92' lang='lat' dir='ltr'><strong>in</strong></span> <span class='ocrx_word' id='word_1_169' title='bbox 1159 1532 1336 1569; x_wconf 84' lang='lat' dir='ltr'><strong>manibus</strong></span> <span class='ocrx_word' id='word_1_170' title='bbox 1368 1537 1651 1580; x_wconf 82' lang='lat' dir='ltr'><strong>procuratorum</strong></span> <span class='ocrx_word' id='word_1_171' title='bbox 1681 1536 1768 1570; x_wconf 85' lang='lat' dir='ltr'><strong>ante</strong></span> <span class='ocrx_word' id='word_1_172' title='bbox 1795 1533 1876 1569; x_wconf 86' lang='lat' dir='ltr'><strong>eius</strong></span> 
     </span>
     <span class='ocr_line' id='line_1_21' title="bbox 418 1588 1875 1640; baseline 0.001 -12"><span class='ocrx_word' id='word_1_173' title='bbox 418 1588 686 1628; x_wconf 79' lang='lat' dir='ltr'><strong>admissionem</strong></span> <span class='ocrx_word' id='word_1_174' title='bbox 712 1591 884 1639; x_wconf 87' lang='lat' dir='ltr'><strong>ponende</strong></span> <span class='ocrx_word' id='word_1_175' title='bbox 909 1591 1072 1628; x_wconf 88' lang='lat' dir='ltr'><strong>sufficiat</strong></span> <span class='ocrx_word' id='word_1_176' title='bbox 1098 1592 1132 1628; x_wconf 90' lang='lat' dir='ltr'><strong>ei</strong></span> <span class='ocrx_word' id='word_1_177' title='bbox 1158 1592 1207 1628; x_wconf 90' lang='lat' dir='ltr'><strong>ad</strong></span> <span class='ocrx_word' id='word_1_178' title='bbox 1233 1592 1499 1640; x_wconf 86' lang='lat' dir='ltr'><strong>opponendum</strong></span> <span class='ocrx_word' id='word_1_179' title='bbox 1523 1595 1563 1629; x_wconf 91' lang='lat' dir='ltr'><strong>et</strong></span> <span class='ocrx_word' id='word_1_180' title='bbox 1591 1592 1810 1629; x_wconf 86' lang='lat' dir='ltr'><strong>intrandum</strong></span> <span class='ocrx_word' id='word_1_181' title='bbox 1836 1593 1875 1629; x_wconf 90' lang='lat' dir='ltr'><strong>in</strong></span> 
     </span>
     <span class='ocr_line' id='line_1_22' title="bbox 419 1651 1875 1700; baseline 0.001 -12"><span class='ocrx_word' id='word_1_182' title='bbox 419 1651 535 1688; x_wconf 88' lang='lat' dir='ltr'><strong>libros</strong></span> <span class='ocrx_word' id='word_1_183' title='bbox 545 1653 821 1689; x_wconf 88' lang='lat' dir='ltr'><strong>sententiarum</strong></span> <span class='ocrx_word' id='word_1_184' title='bbox 838 1652 892 1688; x_wconf 90' lang='lat' dir='ltr'><strong>sic</strong></span> <span class='ocrx_word' id='word_1_185' title='bbox 905 1651 1006 1699; x_wconf 91' lang='lat' dir='ltr'><strong>quod</strong></span> <span class='ocrx_word' id='word_1_186' title='bbox 1016 1651 1302 1689; x_wconf 79' lang='lat' dir='ltr'><strong>admittaturad</strong></span> <span class='ocrx_word' id='word_1_187' title='bbox 1315 1652 1581 1700; x_wconf 88' lang='lat' dir='ltr'><strong>opponendum</strong></span> <span class='ocrx_word' id='word_1_188' title='bbox 1597 1653 1695 1689; x_wconf 85' lang='lat' dir='ltr'><strong>infra</strong></span> <span class='ocrx_word' id='word_1_189' title='bbox 1706 1652 1875 1689; x_wconf 90' lang='lat' dir='ltr'><strong>triduum</strong></span> 
     </span>
     <span class='ocr_line' id='line_1_23' title="bbox 417 1710 1876 1759; baseline 0.001 -12"><span class='ocrx_word' id='word_1_190' title='bbox 417 1714 457 1747; x_wconf 94' lang='lat' dir='ltr'><strong>et</strong></span> <span class='ocrx_word' id='word_1_191' title='bbox 473 1714 551 1747; x_wconf 89' lang='lat' dir='ltr'><strong>stet</strong></span> <span class='ocrx_word' id='word_1_192' title='bbox 567 1723 760 1759; x_wconf 89' lang='lat' dir='ltr'><strong>opponens</strong></span> <span class='ocrx_word' id='word_1_193' title='bbox 778 1723 895 1758; x_wconf 89' lang='lat' dir='ltr'><strong>vsque</strong></span> <span class='ocrx_word' id='word_1_194' title='bbox 911 1710 958 1747; x_wconf 89' lang='lat' dir='ltr'><strong>ad</strong></span> <span class='ocrx_word' id='word_1_195' title='bbox 975 1711 1114 1747; x_wconf 84' lang='lat' dir='ltr'><strong>festum</strong></span> <span class='ocrx_word' id='word_1_196' title='bbox 1133 1711 1328 1747; x_wconf 83' lang='lat' dir='ltr'><strong>Barnabae</strong></span> <span class='ocrx_word' id='word_1_197' title='bbox 1350 1714 1390 1748; x_wconf 90' lang='lat' dir='ltr'><strong>et</strong></span> <span class='ocrx_word' id='word_1_198' title='bbox 1405 1712 1523 1748; x_wconf 86' lang='lat' dir='ltr'><strong>intret</strong></span> <span class='ocrx_word' id='word_1_199' title='bbox 1538 1711 1586 1748; x_wconf 81' lang='lat' dir='ltr'><strong>ad</strong></span> <span class='ocrx_word' id='word_1_200' title='bbox 1603 1711 1783 1759; x_wconf 87' lang='lat' dir='ltr'><strong>placitum</strong></span> <span class='ocrx_word' id='word_1_201' title='bbox 1802 1724 1876 1748; x_wconf 91' lang='lat' dir='ltr'><strong>non</strong></span> 
     </span>
     <span class='ocr_line' id='line_1_24' title="bbox 418 1769 758 1807; baseline 0.003 -1"><span class='ocrx_word' id='word_1_202' title='bbox 418 1769 594 1807; x_wconf 72' lang='lat' dir='ltr'><strong>obstante</strong></span> <span class='ocrx_word' id='word_1_203' title='bbox 610 1773 758 1807; x_wconf 85' lang='lat' dir='ltr'><strong>statuto</strong></span> 
     </span>
    </p>

    <p class='ocr_par' dir='ltr' id='par_1_6' title="bbox 325 1829 1879 2279">
     <span class='ocr_line' id='line_1_25' title="bbox 325 1829 1878 1877; baseline 0 -11"><span class='ocrx_word' id='word_1_204' title='bbox 325 1830 423 1866; x_wconf 86' lang='lat' dir='ltr'><strong>Item</strong></span> <span class='ocrx_word' id='word_1_205' title='bbox 450 1829 669 1866; x_wconf 87' lang='lat' dir='ltr'><strong>conceditur</strong></span> <span class='ocrx_word' id='word_1_206' title='bbox 691 1830 872 1877; x_wconf 83' lang='lat' dir='ltr'><strong>magistro</strong></span> <span class='ocrx_word' id='word_1_207' title='bbox 900 1829 1026 1877; x_wconf 88' lang='lat' dir='ltr'><strong>Tonge</strong></span> <span class='ocrx_word' id='word_1_208' title='bbox 1055 1833 1098 1866; x_wconf 86' lang='lat' dir='ltr'><strong>vt</strong></span> <span class='ocrx_word' id='word_1_209' title='bbox 1123 1830 1294 1867; x_wconf 90' lang='lat' dir='ltr'><strong>studium</strong></span> <span class='ocrx_word' id='word_1_210' title='bbox 1320 1842 1385 1866; x_wconf 86' lang='lat' dir='ltr'><strong>sex</strong></span> <span class='ocrx_word' id='word_1_211' title='bbox 1411 1841 1595 1866; x_wconf 88' lang='lat' dir='ltr'><strong>annorum</strong></span> <span class='ocrx_word' id='word_1_212' title='bbox 1624 1830 1663 1866; x_wconf 89' lang='lat' dir='ltr'><strong>in</strong></span> <span class='ocrx_word' id='word_1_213' title='bbox 1693 1829 1878 1877; x_wconf 83' lang='lat' dir='ltr'><strong>theologia</strong></span> 
     </span>
     <span class='ocr_line' id='line_1_26' title="bbox 418 1886 1879 1935; baseline 0 -11"><span class='ocrx_word' id='word_1_214' title='bbox 418 1891 620 1935; x_wconf 81' lang='lat' dir='ltr'><strong>postquam</strong></span> <span class='ocrx_word' id='word_1_215' title='bbox 637 1888 776 1924; x_wconf 86' lang='lat' dir='ltr'><strong>rexerit</strong></span> <span class='ocrx_word' id='word_1_216' title='bbox 793 1899 878 1924; x_wconf 88' lang='lat' dir='ltr'><strong>cum</strong></span> <span class='ocrx_word' id='word_1_217' title='bbox 902 1888 1012 1924; x_wconf 87' lang='lat' dir='ltr'><strong>vnica</strong></span> <span class='ocrx_word' id='word_1_218' title='bbox 1031 1888 1272 1935; x_wconf 86' lang='lat' dir='ltr'><strong>responsione</strong></span> <span class='ocrx_word' id='word_1_219' title='bbox 1291 1887 1460 1935; x_wconf 81' lang='lat' dir='ltr'><strong>proximo</strong></span> <span class='ocrx_word' id='word_1_220' title='bbox 1479 1899 1579 1923; x_wconf 86' lang='lat' dir='ltr'><strong>anno</strong></span> <span class='ocrx_word' id='word_1_221' title='bbox 1600 1886 1772 1924; x_wconf 85' lang='lat' dir='ltr'><strong>habenda</strong></span> <span class='ocrx_word' id='word_1_222' title='bbox 1791 1891 1879 1935; x_wconf 89' lang='lat' dir='ltr'><strong>post</strong></span> 
     </span>
     <span class='ocr_line' id='line_1_27' title="bbox 418 1946 1877 1995; baseline -0.001 -11"><span class='ocrx_word' id='word_1_223' title='bbox 418 1949 499 1985; x_wconf 90' lang='lat' dir='ltr'><strong>eius</strong></span> <span class='ocrx_word' id='word_1_224' title='bbox 531 1947 799 1984; x_wconf 83' lang='lat' dir='ltr'><strong>admissionem</strong></span> <span class='ocrx_word' id='word_1_225' title='bbox 824 1947 896 1984; x_wconf 89' lang='lat' dir='ltr'><strong>sub</strong></span> <span class='ocrx_word' id='word_1_226' title='bbox 921 1959 1019 1995; x_wconf 86' lang='lat' dir='ltr'><strong>pena</strong></span> <span class='ocrx_word' id='word_1_227' title='bbox 1045 1947 1232 1984; x_wconf 81' lang='lat' dir='ltr'><strong>cautionis</strong></span> <span class='ocrx_word' id='word_1_228' title='bbox 1264 1947 1314 1983; x_wconf 86' lang='lat' dir='ltr'><strong>xl·</strong></span> <span class='ocrx_word' id='word_1_229' title='bbox 1346 1947 1386 1983; x_wconf 90' lang='lat' dir='ltr'><strong>in</strong></span> <span class='ocrx_word' id='word_1_230' title='bbox 1419 1946 1595 1983; x_wconf 88' lang='lat' dir='ltr'><strong>manibus</strong></span> <span class='ocrx_word' id='word_1_231' title='bbox 1626 1948 1877 1995; x_wconf 84' lang='lat' dir='ltr'><strong>procuratoris</strong></span> 
     </span>
     <span class='ocr_line' id='line_1_28' title="bbox 419 2005 1875 2055; baseline 0 -12"><span class='ocrx_word' id='word_1_232' title='bbox 419 2006 589 2055; x_wconf 88' lang='lat' dir='ltr'><strong>ponende</strong></span> <span class='ocrx_word' id='word_1_233' title='bbox 606 2010 646 2043; x_wconf 92' lang='lat' dir='ltr'><strong>et</strong></span> <span class='ocrx_word' id='word_1_234' title='bbox 662 2018 748 2043; x_wconf 87' lang='lat' dir='ltr'><strong>cum</strong></span> <span class='ocrx_word' id='word_1_235' title='bbox 769 2006 918 2043; x_wconf 91' lang='lat' dir='ltr'><strong>duobus</strong></span> <span class='ocrx_word' id='word_1_236' title='bbox 937 2006 1174 2043; x_wconf 87' lang='lat' dir='ltr'><strong>sermonibus</strong></span> <span class='ocrx_word' id='word_1_237' title='bbox 1193 2018 1267 2043; x_wconf 90' lang='lat' dir='ltr'><strong>vno</strong></span> <span class='ocrx_word' id='word_1_238' title='bbox 1286 2005 1335 2043; x_wconf 86' lang='lat' dir='ltr'><strong>ad</strong></span> <span class='ocrx_word' id='word_1_239' title='bbox 1357 2006 1499 2043; x_wconf 85' lang='lat' dir='ltr'><strong>clerum</strong></span> <span class='ocrx_word' id='word_1_240' title='bbox 1523 2006 1640 2043; x_wconf 84' lang='lat' dir='ltr'><strong>altero</strong></span> <span class='ocrx_word' id='word_1_241' title='bbox 1660 2006 1708 2043; x_wconf 87' lang='lat' dir='ltr'><strong>ad</strong></span> <span class='ocrx_word' id='word_1_242' title='bbox 1727 2018 1875 2043; x_wconf 87' lang='lat' dir='ltr'><strong>crucem</strong></span> 
     </span>
     <span class='ocr_line' id='line_1_29' title="bbox 420 2064 1877 2113; baseline -0.001 -11"><span class='ocrx_word' id='word_1_243' title='bbox 420 2066 526 2102; x_wconf 85' lang='lat' dir='ltr'><strong>Pauli</strong></span> <span class='ocrx_word' id='word_1_244' title='bbox 555 2065 719 2102; x_wconf 86' lang='lat' dir='ltr'><strong>sufficiat</strong></span> <span class='ocrx_word' id='word_1_245' title='bbox 745 2065 778 2102; x_wconf 91' lang='lat' dir='ltr'><strong>ei</strong></span> <span class='ocrx_word' id='word_1_246' title='bbox 804 2077 872 2113; x_wconf 86' lang='lat' dir='ltr'><strong>pro</strong></span> <span class='ocrx_word' id='word_1_247' title='bbox 897 2065 1084 2113; x_wconf 83' lang='lat' dir='ltr'><strong>completa</strong></span> <span class='ocrx_word' id='word_1_248' title='bbox 1111 2066 1232 2102; x_wconf 80' lang='lat' dir='ltr'><strong>forma</strong></span> <span class='ocrx_word' id='word_1_249' title='bbox 1257 2065 1305 2102; x_wconf 83' lang='lat' dir='ltr'><strong>ad</strong></span> <span class='ocrx_word' id='word_1_250' title='bbox 1334 2064 1597 2113; x_wconf 88' lang='lat' dir='ltr'><strong>opponendum</strong></span> <span class='ocrx_word' id='word_1_251' title='bbox 1623 2064 1662 2101; x_wconf 88' lang='lat' dir='ltr'><strong>in</strong></span> <span class='ocrx_word' id='word_1_252' title='bbox 1691 2064 1877 2112; x_wconf 86' lang='lat' dir='ltr'><strong>theologia</strong></span> 
     </span>
     <span class='ocr_line' id='line_1_30' title="bbox 417 2123 1875 2171; baseline 0 -10"><span class='ocrx_word' id='word_1_253' title='bbox 417 2129 457 2162; x_wconf 89' lang='lat' dir='ltr'><strong>et</strong></span> <span class='ocrx_word' id='word_1_254' title='bbox 482 2125 530 2162; x_wconf 84' lang='lat' dir='ltr'><strong>ad</strong></span> <span class='ocrx_word' id='word_1_255' title='bbox 561 2124 783 2161; x_wconf 86' lang='lat' dir='ltr'><strong>intrandum</strong></span> <span class='ocrx_word' id='word_1_256' title='bbox 813 2125 852 2161; x_wconf 91' lang='lat' dir='ltr'><strong>in</strong></span> <span class='ocrx_word' id='word_1_257' title='bbox 882 2124 998 2161; x_wconf 90' lang='lat' dir='ltr'><strong>libros</strong></span> <span class='ocrx_word' id='word_1_258' title='bbox 1026 2125 1302 2161; x_wconf 86' lang='lat' dir='ltr'><strong>sententiarum</strong></span> <span class='ocrx_word' id='word_1_259' title='bbox 1351 2124 1413 2161; x_wconf 86' lang='lat' dir='ltr'><strong>Ita</strong></span> <span class='ocrx_word' id='word_1_260' title='bbox 1437 2124 1538 2171; x_wconf 89' lang='lat' dir='ltr'><strong>quod</strong></span> <span class='ocrx_word' id='word_1_261' title='bbox 1570 2123 1797 2161; x_wconf 82' lang='lat' dir='ltr'><strong>admittatur</strong></span> <span class='ocrx_word' id='word_1_262' title='bbox 1827 2125 1875 2161; x_wconf 75' lang='lat' dir='ltr'><strong>wd</strong></span> 
     </span>
     <span class='ocr_line' id='line_1_31' title="bbox 417 2182 1876 2232; baseline -0.001 -11"><span class='ocrx_word' id='word_1_263' title='bbox 417 2184 683 2232; x_wconf 89' lang='lat' dir='ltr'><strong>opponendum</strong></span> <span class='ocrx_word' id='word_1_264' title='bbox 700 2188 740 2220; x_wconf 91' lang='lat' dir='ltr'><strong>et</strong></span> <span class='ocrx_word' id='word_1_265' title='bbox 757 2183 979 2220; x_wconf 88' lang='lat' dir='ltr'><strong>intrandum</strong></span> <span class='ocrx_word' id='word_1_266' title='bbox 996 2187 1035 2220; x_wconf 91' lang='lat' dir='ltr'><strong>et</strong></span> <span class='ocrx_word' id='word_1_267' title='bbox 1051 2183 1152 2231; x_wconf 88' lang='lat' dir='ltr'><strong>quod</strong></span> <span class='ocrx_word' id='word_1_268' title='bbox 1163 2183 1281 2220; x_wconf 87' lang='lat' dir='ltr'><strong>intret</strong></span> <span class='ocrx_word' id='word_1_269' title='bbox 1296 2182 1344 2220; x_wconf 77' lang='lat' dir='ltr'><strong>ed</strong></span> <span class='ocrx_word' id='word_1_270' title='bbox 1362 2182 1543 2231; x_wconf 88' lang='lat' dir='ltr'><strong>placitum</strong></span> <span class='ocrx_word' id='word_1_271' title='bbox 1559 2186 1599 2219; x_wconf 90' lang='lat' dir='ltr'><strong>et</strong></span> <span class='ocrx_word' id='word_1_272' title='bbox 1616 2194 1690 2219; x_wconf 89' lang='lat' dir='ltr'><strong>non</strong></span> <span class='ocrx_word' id='word_1_273' title='bbox 1701 2186 1876 2220; x_wconf 84' lang='lat' dir='ltr'><strong>teneatur</strong></span> 
     </span>
     <span class='ocr_line' id='line_1_32' title="bbox 417 2241 960 2279; baseline -0.002 0"><span class='ocrx_word' id='word_1_274' title='bbox 417 2242 465 2279; x_wconf 78' lang='lat' dir='ltr'><strong>ad</strong></span> <span class='ocrx_word' id='word_1_275' title='bbox 483 2243 698 2279; x_wconf 81' lang='lat' dir='ltr'><strong>vlteriorem</strong></span> <span class='ocrx_word' id='word_1_276' title='bbox 716 2241 960 2279; x_wconf 87' lang='lat' dir='ltr'><strong>residentiam</strong></span> 
     </span>
    </p>

    <p class='ocr_par' dir='ltr' id='par_1_7' title="bbox 325 2300 1876 2765">
     <span class='ocr_line' id='line_1_33' title="bbox 325 2300 1874 2349; baseline -0.001 -10"><span class='ocrx_word' id='word_1_277' title='bbox 325 2303 422 2339; x_wconf 80' lang='lat' dir='ltr'><strong>Item</strong></span> <span class='ocrx_word' id='word_1_278' title='bbox 435 2301 653 2339; x_wconf 85' lang='lat' dir='ltr'><strong>conceditur</strong></span> <span class='ocrx_word' id='word_1_279' title='bbox 669 2300 852 2348; x_wconf 81' lang='lat' dir='ltr'><strong>Magistro</strong></span> <span class='ocrx_word' id='word_1_280' title='bbox 870 2300 990 2349; x_wconf 81' lang='lat' dir='ltr'><strong>Alvey</strong></span> <span class='ocrx_word' id='word_1_281' title='bbox 1008 2303 1051 2337; x_wconf 87' lang='lat' dir='ltr'><strong>vt</strong></span> <span class='ocrx_word' id='word_1_282' title='bbox 1066 2300 1236 2338; x_wconf 87' lang='lat' dir='ltr'><strong>studium</strong></span> <span class='ocrx_word' id='word_1_283' title='bbox 1254 2302 1399 2348; x_wconf 87' lang='lat' dir='ltr'><strong>septem</strong></span> <span class='ocrx_word' id='word_1_284' title='bbox 1417 2311 1602 2337; x_wconf 83' lang='lat' dir='ltr'><strong>annorum</strong></span> <span class='ocrx_word' id='word_1_285' title='bbox 1626 2300 1664 2337; x_wconf 90' lang='lat' dir='ltr'><strong>in</strong></span> <span class='ocrx_word' id='word_1_286' title='bbox 1688 2300 1874 2348; x_wconf 82' lang='lat' dir='ltr'><strong>theologia</strong></span> 
     </span>
     <span class='ocr_line' id='line_1_34' title="bbox 418 2359 1874 2411; baseline -0.001 -12"><span class='ocrx_word' id='word_1_287' title='bbox 418 2366 619 2411; x_wconf 78' lang='lat' dir='ltr'><strong>postquam</strong></span> <span class='ocrx_word' id='word_1_288' title='bbox 645 2362 783 2399; x_wconf 84' lang='lat' dir='ltr'><strong>rexerit</strong></span> <span class='ocrx_word' id='word_1_289' title='bbox 807 2372 894 2398; x_wconf 83' lang='lat' dir='ltr'><strong>eum</strong></span> <span class='ocrx_word' id='word_1_290' title='bbox 918 2360 1067 2397; x_wconf 89' lang='lat' dir='ltr'><strong>duobus</strong></span> <span class='ocrx_word' id='word_1_291' title='bbox 1089 2359 1327 2397; x_wconf 85' lang='lat' dir='ltr'><strong>sermonibus</strong></span> <span class='ocrx_word' id='word_1_292' title='bbox 1351 2371 1424 2397; x_wconf 85' lang='lat' dir='ltr'><strong>vno</strong></span> <span class='ocrx_word' id='word_1_293' title='bbox 1445 2359 1493 2397; x_wconf 87' lang='lat' dir='ltr'><strong>ad</strong></span> <span class='ocrx_word' id='word_1_294' title='bbox 1518 2360 1658 2397; x_wconf 85' lang='lat' dir='ltr'><strong>clerum</strong></span> <span class='ocrx_word' id='word_1_295' title='bbox 1680 2359 1798 2397; x_wconf 89' lang='lat' dir='ltr'><strong>altero</strong></span> <span class='ocrx_word' id='word_1_296' title='bbox 1826 2361 1874 2398; x_wconf 83' lang='lat' dir='ltr'><strong>ad</strong></span> 
     </span>
     <span class='ocr_line' id='line_1_35' title="bbox 416 2418 1876 2467; baseline -0.001 -9"><span class='ocrx_word' id='word_1_297' title='bbox 416 2432 563 2458; x_wconf 86' lang='lat' dir='ltr'><strong>crucem</strong></span> <span class='ocrx_word' id='word_1_298' title='bbox 599 2420 703 2457; x_wconf 84' lang='lat' dir='ltr'><strong>Pauli</strong></span> <span class='ocrx_word' id='word_1_299' title='bbox 737 2424 778 2457; x_wconf 91' lang='lat' dir='ltr'><strong>et</strong></span> <span class='ocrx_word' id='word_1_300' title='bbox 809 2431 895 2457; x_wconf 88' lang='lat' dir='ltr'><strong>cum</strong></span> <span class='ocrx_word' id='word_1_301' title='bbox 930 2431 1004 2456; x_wconf 85' lang='lat' dir='ltr'><strong>vna</strong></span> <span class='ocrx_word' id='word_1_302' title='bbox 1036 2420 1274 2467; x_wconf 80' lang='lat' dir='ltr'><strong>responsione</strong></span> <span class='ocrx_word' id='word_1_303' title='bbox 1307 2419 1364 2456; x_wconf 85' lang='lat' dir='ltr'><strong>vel</strong></span> <span class='ocrx_word' id='word_1_304' title='bbox 1403 2418 1574 2467; x_wconf 88' lang='lat' dir='ltr'><strong>pluribus</strong></span> <span class='ocrx_word' id='word_1_305' title='bbox 1611 2419 1642 2455; x_wconf 88' lang='lat' dir='ltr'><strong>si</strong></span> <span class='ocrx_word' id='word_1_306' title='bbox 1678 2420 1876 2466; x_wconf 81' lang='lat' dir='ltr'><strong>exigantur</strong></span> 
     </span>
     <span class='ocr_line' id='line_1_36' title="bbox 417 2478 1872 2528; baseline -0.001 -11"><span class='ocrx_word' id='word_1_307' title='bbox 417 2480 587 2528; x_wconf 85' lang='lat' dir='ltr'><strong>proximo</strong></span> <span class='ocrx_word' id='word_1_308' title='bbox 603 2491 703 2517; x_wconf 85' lang='lat' dir='ltr'><strong>anno</strong></span> <span class='ocrx_word' id='word_1_309' title='bbox 719 2483 807 2516; x_wconf 77' lang='lat' dir='ltr'><strong>ante</strong></span> <span class='ocrx_word' id='word_1_310' title='bbox 825 2479 964 2516; x_wconf 76' lang='lat' dir='ltr'><strong>festum</strong></span> <span class='ocrx_word' id='word_1_311' title='bbox 984 2479 1124 2516; x_wconf 78' lang='lat' dir='ltr'><strong>Pasche</strong></span> <span class='ocrx_word' id='word_1_312' title='bbox 1142 2478 1214 2516; x_wconf 86' lang='lat' dir='ltr'><strong>sub</strong></span> <span class='ocrx_word' id='word_1_313' title='bbox 1239 2490 1336 2527; x_wconf 81' lang='lat' dir='ltr'><strong>pena</strong></span> <span class='ocrx_word' id='word_1_314' title='bbox 1355 2478 1540 2516; x_wconf 85' lang='lat' dir='ltr'><strong>cautionis</strong></span> <span class='ocrx_word' id='word_1_315' title='bbox 1560 2478 1670 2515; x_wconf 88' lang='lat' dir='ltr'><strong>realis</strong></span> <span class='ocrx_word' id='word_1_316' title='bbox 1690 2478 1740 2515; x_wconf 82' lang='lat' dir='ltr'><strong>xl·</strong></span> <span class='ocrx_word' id='word_1_317' title='bbox 1762 2479 1872 2527; x_wconf 87' lang='lat' dir='ltr'><strong>depo-</strong></span> 
     </span>
     <span class='ocr_line' id='line_1_37' title="bbox 417 2537 1872 2587; baseline -0.002 -10"><span class='ocrx_word' id='word_1_318' title='bbox 417 2539 538 2577; x_wconf 88' lang='lat' dir='ltr'><strong>nende</strong></span> <span class='ocrx_word' id='word_1_319' title='bbox 566 2540 605 2577; x_wconf 92' lang='lat' dir='ltr'><strong>in</strong></span> <span class='ocrx_word' id='word_1_320' title='bbox 637 2538 812 2577; x_wconf 71' lang='lat' dir='ltr'><strong>manibus</strong></span> <span class='ocrx_word' id='word_1_321' title='bbox 841 2542 1126 2587; x_wconf 85' lang='lat' dir='ltr'><strong>procuratorum</strong></span> <span class='ocrx_word' id='word_1_322' title='bbox 1155 2541 1359 2587; x_wconf 83' lang='lat' dir='ltr'><strong>antequam</strong></span> <span class='ocrx_word' id='word_1_323' title='bbox 1388 2537 1616 2575; x_wconf 80' lang='lat' dir='ltr'><strong>admittatur</strong></span> <span class='ocrx_word' id='word_1_324' title='bbox 1647 2538 1810 2575; x_wconf 81' lang='lat' dir='ltr'><strong>sufficiat</strong></span> <span class='ocrx_word' id='word_1_325' title='bbox 1838 2539 1872 2575; x_wconf 87' lang='lat' dir='ltr'><strong>ei</strong></span> 
     </span>
     <span class='ocr_line' id='line_1_38' title="bbox 415 2596 1873 2647; baseline -0.001 -11"><span class='ocrx_word' id='word_1_326' title='bbox 415 2599 463 2636; x_wconf 73' lang='lat' dir='ltr'><strong>ad</strong></span> <span class='ocrx_word' id='word_1_327' title='bbox 488 2598 753 2647; x_wconf 85' lang='lat' dir='ltr'><strong>opponendum</strong></span> <span class='ocrx_word' id='word_1_328' title='bbox 775 2601 815 2635; x_wconf 89' lang='lat' dir='ltr'><strong>et</strong></span> <span class='ocrx_word' id='word_1_329' title='bbox 835 2597 1053 2635; x_wconf 84' lang='lat' dir='ltr'><strong>intrandum</strong></span> <span class='ocrx_word' id='word_1_330' title='bbox 1075 2597 1113 2635; x_wconf 90' lang='lat' dir='ltr'><strong>in</strong></span> <span class='ocrx_word' id='word_1_331' title='bbox 1134 2597 1249 2635; x_wconf 79' lang='lat' dir='ltr'><strong>libros</strong></span> <span class='ocrx_word' id='word_1_332' title='bbox 1274 2597 1547 2635; x_wconf 86' lang='lat' dir='ltr'><strong>sententiarum</strong></span> <span class='ocrx_word' id='word_1_333' title='bbox 1600 2596 1661 2633; x_wconf 86' lang='lat' dir='ltr'><strong>Ita</strong></span> <span class='ocrx_word' id='word_1_334' title='bbox 1685 2596 1785 2645; x_wconf 85' lang='lat' dir='ltr'><strong>quod</strong></span> <span class='ocrx_word' id='word_1_335' title='bbox 1810 2597 1873 2635; x_wconf 80' lang='lat' dir='ltr'><strong>ad-</strong></span> 
     </span>
     <span class='ocr_line' id='line_1_39' title="bbox 416 2655 1870 2706; baseline -0.002 -11"><span class='ocrx_word' id='word_1_336' title='bbox 416 2659 594 2695; x_wconf 84' lang='lat' dir='ltr'><strong>mittatur</strong></span> <span class='ocrx_word' id='word_1_337' title='bbox 606 2658 702 2695; x_wconf 85' lang='lat' dir='ltr'><strong>citra</strong></span> <span class='ocrx_word' id='word_1_338' title='bbox 712 2658 882 2706; x_wconf 79' lang='lat' dir='ltr'><strong>proxima</strong></span> <span class='ocrx_word' id='word_1_339' title='bbox 894 2656 1088 2694; x_wconf 70' lang='lat' dir='ltr'><strong>commitis</strong></span> <span class='ocrx_word' id='word_1_340' title='bbox 1098 2660 1177 2694; x_wconf 85' lang='lat' dir='ltr'><strong>tam</strong></span> <span class='ocrx_word' id='word_1_341' title='bbox 1189 2655 1236 2693; x_wconf 83' lang='lat' dir='ltr'><strong>ad</strong></span> <span class='ocrx_word' id='word_1_342' title='bbox 1246 2655 1509 2705; x_wconf 85' lang='lat' dir='ltr'><strong>opponendum</strong></span> <span class='ocrx_word' id='word_1_343' title='bbox 1523 2666 1637 2704; x_wconf 81' lang='lat' dir='ltr'><strong>quam</strong></span> <span class='ocrx_word' id='word_1_344' title='bbox 1652 2655 1870 2693; x_wconf 79' lang='lat' dir='ltr'><strong>intrandum</strong></span> 
     </span>
     <span class='ocr_line' id='line_1_40' title="bbox 414 2716 1008 2765; baseline -0.002 -11"><span class='ocrx_word' id='word_1_345' title='bbox 414 2721 454 2754; x_wconf 90' lang='lat' dir='ltr'><strong>et</strong></span> <span class='ocrx_word' id='word_1_346' title='bbox 470 2717 587 2755; x_wconf 86' lang='lat' dir='ltr'><strong>intret</strong></span> <span class='ocrx_word' id='word_1_347' title='bbox 605 2717 784 2765; x_wconf 80' lang='lat' dir='ltr'><strong>proximis</strong></span> <span class='ocrx_word' id='word_1_348' title='bbox 804 2716 1008 2754; x_wconf 83' lang='lat' dir='ltr'><strong>commitiis</strong></span> 
     </span>
    </p>

    <p class='ocr_par' dir='ltr' id='par_1_8' title="bbox 321 2772 1816 2824">
     <span class='ocr_line' id='line_1_41' title="bbox 321 2772 1816 2824; baseline -0.003 -10"><span class='ocrx_word' id='word_1_349' title='bbox 321 2776 460 2814; x_wconf 69' lang='lat' dir='ltr'><strong>Eadem</strong></span> <span class='ocrx_word' id='word_1_350' title='bbox 478 2776 599 2824; x_wconf 76' lang='lat' dir='ltr'><strong>gratia</strong></span> <span class='ocrx_word' id='word_1_351' title='bbox 615 2775 662 2812; x_wconf 88' lang='lat' dir='ltr'><strong>de</strong></span> <span class='ocrx_word' id='word_1_352' title='bbox 680 2775 794 2812; x_wconf 83' lang='lat' dir='ltr'><strong>verbo</strong></span> <span class='ocrx_word' id='word_1_353' title='bbox 813 2775 850 2812; x_wconf 89' lang='lat' dir='ltr'><strong>in</strong></span> <span class='ocrx_word' id='word_1_354' title='bbox 870 2774 1026 2811; x_wconf 88' lang='lat' dir='ltr'><strong>verbum</strong></span> <span class='ocrx_word' id='word_1_355' title='bbox 1044 2773 1262 2811; x_wconf 86' lang='lat' dir='ltr'><strong>conceditur</strong></span> <span class='ocrx_word' id='word_1_356' title='bbox 1278 2773 1457 2822; x_wconf 79' lang='lat' dir='ltr'><strong>magistro</strong></span> <span class='ocrx_word' id='word_1_357' title='bbox 1475 2772 1618 2810; x_wconf 75' lang='lat' dir='ltr'><strong>&#39;rhome</strong></span> <span class='ocrx_word' id='word_1_358' title='bbox 1635 2772 1816 2821; x_wconf 81' lang='lat' dir='ltr'><strong>Sylyarde</strong></span> 
     </span>
    </p>

    <p class='ocr_par' dir='ltr' id='par_1_9' title="bbox 323 2832 1871 2944">
     <span class='ocr_line' id='line_1_42' title="bbox 323 2832 1871 2882; baseline -0.003 -9"><span class='ocrx_word' id='word_1_359' title='bbox 323 2836 419 2873; x_wconf 82' lang='lat' dir='ltr'><strong>Item</strong></span> <span class='ocrx_word' id='word_1_360' title='bbox 436 2835 656 2872; x_wconf 81' lang='lat' dir='ltr'><strong>conceditur</strong></span> <span class='ocrx_word' id='word_1_361' title='bbox 673 2835 815 2871; x_wconf 78' lang='lat' dir='ltr'><strong>&#39;rhomo</strong></span> <span class='ocrx_word' id='word_1_362' title='bbox 834 2834 990 2871; x_wconf 75' lang='lat' dir='ltr'><strong>Watson</strong></span> <span class='ocrx_word' id='word_1_363' title='bbox 1010 2838 1051 2871; x_wconf 89' lang='lat' dir='ltr'><strong>vt</strong></span> <span class='ocrx_word' id='word_1_364' title='bbox 1067 2833 1237 2871; x_wconf 74' lang='lat' dir='ltr'><strong>studium</strong></span> <span class='ocrx_word' id='word_1_365' title='bbox 1254 2839 1398 2882; x_wconf 81' lang='lat' dir='ltr'><strong>septem</strong></span> <span class='ocrx_word' id='word_1_366' title='bbox 1421 2845 1605 2870; x_wconf 79' lang='lat' dir='ltr'><strong>annorum</strong></span> <span class='ocrx_word' id='word_1_367' title='bbox 1629 2833 1667 2870; x_wconf 90' lang='lat' dir='ltr'><strong>in</strong></span> <span class='ocrx_word' id='word_1_368' title='bbox 1686 2832 1871 2881; x_wconf 80' lang='lat' dir='ltr'><strong>theologia</strong></span> 
     </span>
     <span class='ocr_line' id='line_1_43' title="bbox 415 2892 1870 2944; baseline -0.001 -12"><span class='ocrx_word' id='word_1_369' title='bbox 415 2900 615 2944; x_wconf 68' lang='lat' dir='ltr'><strong>lmtqnam</strong></span> <span class='ocrx_word' id='word_1_370' title='bbox 643 2895 780 2932; x_wconf 82' lang='lat' dir='ltr'><strong>rexerit</strong></span> <span class='ocrx_word' id='word_1_371' title='bbox 805 2905 889 2931; x_wconf 85' lang='lat' dir='ltr'><strong>cum</strong></span> <span class='ocrx_word' id='word_1_372' title='bbox 914 2892 1062 2931; x_wconf 80' lang='lat' dir='ltr'><strong>duobus</strong></span> <span class='ocrx_word' id='word_1_373' title='bbox 1087 2892 1324 2932; x_wconf 77' lang='lat' dir='ltr'><strong>sermonibus</strong></span> <span class='ocrx_word' id='word_1_374' title='bbox 1348 2904 1421 2930; x_wconf 89' lang='lat' dir='ltr'><strong>vno</strong></span> <span class='ocrx_word' id='word_1_375' title='bbox 1444 2892 1492 2930; x_wconf 82' lang='lat' dir='ltr'><strong>ad</strong></span> <span class='ocrx_word' id='word_1_376' title='bbox 1517 2892 1655 2930; x_wconf 82' lang='lat' dir='ltr'><strong>elerum</strong></span> <span class='ocrx_word' id='word_1_377' title='bbox 1681 2892 1799 2929; x_wconf 83' lang='lat' dir='ltr'><strong>altero</strong></span> <span class='ocrx_word' id='word_1_378' title='bbox 1823 2893 1870 2930; x_wconf 78' lang='lat' dir='ltr'><strong>ad</strong></span> 
     </span>
    </p>
   </div>
  </div>
 </body>
</html>
