2002 3236
221 171 443 228 1545-46]
802 183 954 216 oaAcs
983 183 1109 216 soor<
1140 184 1170 216 Δ
1715 181 1769 223 31

315 285 441 323 uarias
469 286 620 324 audiuit
649 299 717 334 per
747 288 927 324 maiorem
953 291 1099 335 partem
1125 288 1166 325 in
1190 291 1274 326 toto
1297 300 1384 326 cum
1408 291 1711 338 oppositionibus
1733 297 1774 330 et

314 344 619 392 responsionibus
653 346 847 393 requisitis
874 346 1066 383 sufficiant
1100 347 1135 383 ei
1167 346 1215 389 ad
1242 347 1546 395 respondendum
1580 350 1772 397 questioni

314 404 370 440 sic
393 407 436 440 vt
459 403 541 441 eius
563 403 744 441 admissio
768 407 845 441 stet
868 404 902 442 ei
927 416 995 452 pro
1019 404 1205 452 completo
1228 404 1348 452 gradu

219 463 319 500 Item
350 462 567 500 conceditur
597 463 737 500 Joanni
777 464 878 501 Rode
912 466 955 500 vt
988 476 1123 501 novem
1155 464 1308 501 termini
1349 464 1388 501 in
1420 465 1561 513 quibus
1594 466 1773 504 lectiones

311 521 518 559 ordinarias
543 522 693 559 audiuit
723 522 812 559 licet
839 535 915 559 non
943 522 1151 559 secundum
1180 523 1340 560 formam
1369 525 1507 571 statuti
1540 536 1627 562 cum
1659 538 1772 574 oppo-

313 581 514 618 sitionibus
536 585 577 618 et
604 581 910 629 responsionibus
938 582 1132 629 requisitis
1163 582 1354 620 sufficiant
1377 583 1450 620 sibi
1475 583 1523 620 ad
1549 585 1772 632 responden-

312 639 406 676 dum
430 641 618 687 questioni

220 698 319 735 Item
342 699 560 736 conceditur
580 699 719 736 Joanni
747 700 822 736 Dee
839 704 881 736 vt
906 703 946 736 11
966 700 1119 736 termini
1137 712 1222 737 cum
1241 713 1285 737 eo
1301 701 1339 737 in
1362 713 1438 749 quo
1453 701 1773 739 determinaturus

313 762 372 794 est
404 758 443 794 in
475 757 616 805 quibus
640 758 819 800 lectiones
843 758 1052 795 ordinarias
1076 759 1227 796 audiuit
1259 772 1327 807 per
1351 761 1529 797 maiorem
1556 766 1702 810 partem
1733 763 1772 798 in

311 819 393 852 toto
421 828 508 853 cum
533 817 834 864 oppositionibus
857 820 897 853 et
921 817 1227 865 responsionibus
1257 819 1451 866 requisitis
1480 819 1670 856 sufficiant
1701 819 1773 857 sibi

310 875 359 912 ad
385 875 686 923 respondendum
711 876 900 923 questioni

217 933 360 971 Eadem
387 934 510 981 gratia
536 934 755 971 conceditur
783 934 952 972 Galfrido
981 935 1123 982 Morley
1148 934 1334 972 verbatim

219 992 315 1029 Item
345 992 563 1030 conceditur
588 993 756 1029 Antonio
785 994 916 1029 Storar
940 996 982 1029 vt
1010 993 1140 1030 decem
1173 995 1326 1031 termini
1358 996 1397 1031 in
1426 995 1565 1043 quibus
1594 996 1773 1033 lectiones

311 1052 519 1088 ordinarias
544 1052 695 1089 audiuit
721 1065 788 1100 per
817 1053 997 1090 maiorem
1021 1056 1167 1101 partem
1190 1054 1229 1090 iu
1253 1058 1335 1090 toto
1361 1067 1447 1091 cum
1473 1056 1773 1104 oppositionibus

309 1115 348 1148 et
365 1111 667 1158 responsionibus
684 1112 877 1159 requisitis
893 1112 1082 1148 sufficiant
1097 1113 1131 1149 ei
1149 1112 1197 1149 ad
1214 1114 1516 1161 respondendum
1533 1116 1722 1162 questioni

218 1170 317 1206 Item
348 1169 565 1206 conceditur
597 1170 740 1206 Thome
779 1170 961 1218 Barwyke
995 1176 1037 1206 vt
1075 1170 1245 1207 studium
1282 1175 1326 1208 12
1359 1173 1605 1210 terminorum
1639 1174 1700 1210 hic
1731 1177 1772 1210 et

311 1228 465 1264 Oxoniis
490 1228 653 1265 sufficiat
678 1228 713 1264 ei
739 1228 787 1264 ad
817 1228 1119 1276 respondendum
1143 1230 1332 1277 questioni
1360 1231 1414 1267 sic
1445 1232 1546 1278 quod
1576 1232 1657 1268 eius
1687 1245 1770 1269 eru-

309 1288 405 1325 ditio
428 1291 506 1325 stet
530 1300 598 1336 pro
621 1289 808 1336 completa
831 1289 952 1325 forma
977 1289 1157 1336 quoniam
1181 1294 1336 1338 propter
1367 1290 1679 1338 impedimentum
1704 1304 1769 1328 au-

310 1348 413 1384 ditus
425 1359 448 1384 a
460 1350 597 1384 natura
608 1359 826 1384 conoessum
839 1347 1047 1384 secundum
1064 1348 1225 1385 formam
1239 1349 1399 1386 aliorum
1416 1349 1769 1387 baochalaureorum

308 1405 559 1443 determinare
585 1418 660 1443 non
683 1409 810 1454 potest
835 1406 891 1443 ita
915 1409 1043 1443 tamen
1069 1406 1170 1454 quod
1197 1408 1279 1444 eius
1301 1407 1464 1444 eruditio
1486 1411 1527 1444 et
1548 1420 1670 1445 mores
1686 1421 1770 1445 exa·

310 1466 504 1502 minentur
521 1468 561 1502 et
582 1465 840 1514 approbentur
856 1465 928 1502 sub
946 1466 1066 1502 forma
1082 1466 1284 1503 iuramenti
1307 1478 1374 1515 per
1390 1467 1589 1514 magistros
1607 1467 1770 1505 Haddon

309 1527 349 1561 et
373 1524 486 1561 Carre

216 1583 314 1620 Item
349 1582 568 1619 conceditur
605 1582 779 1620 Edoardo
812 1583 963 1620 Bankes
995 1586 1037 1619 vt
1078 1585 1121 1619 12
1158 1583 1311 1620 termini
1344 1584 1520 1632 completi
1556 1584 1596 1621 in
1629 1584 1770 1632 quibus

308 1641 486 1678 lectiones
507 1640 716 1678 ordinarias
737 1641 888 1679 audiuit
914 1653 981 1689 per
1003 1641 1183 1678 maiorem
1205 1645 1353 1690 partem
1377 1643 1416 1679 in
1437 1645 1518 1679 toto
1543 1655 1630 1680 cum
1655 1656 1768 1692 oppo-

307 1699 510 1736 sitionibus
525 1702 565 1737 et
586 1700 892 1748 responsionibus
913 1700 1106 1748 requisitis
1129 1701 1318 1737 sufficiant
1340 1701 1374 1737 ei
1397 1701 1444 1738 ad
1467 1702 1768 1750 respondendum

307 1759 496 1807 questioni

213 1817 355 1854 Eadem
379 1817 501 1865 gratia
524 1817 570 1854 de
595 1817 709 1854 verbo
734 1818 773 1854 in
798 1817 954 1854 verbum
979 1818 1198 1855 conceditur
1220 1818 1359 1855 Joanni
1386 1819 1606 1868 Wakefylde

214 1944 313 1980 Item
337 1944 555 1981 conceditur
577 1944 717 1981 Joanni
742 1945 905 1981 Batman
931 1948 972 1981 vt
999 1948 1043 1982 12
1065 1946 1218 1982 termini
1244 1946 1283 1982 in
1306 1945 1446 1992 quibus
1470 1946 1648 1983 lectiones
1670 1947 1766 1983 ordi·
1784 1954 1810 1993 s,
1837 1955 1884 1993 14
1898 1968 1922 1992 g

307 2003 432 2039 uarias
464 2003 612 2040 audiuit
645 2003 735 2040 lieet
767 2015 841 2039 non
874 2004 1028 2040 omnino
1067 2003 1276 2041 secundum
1311 2004 1472 2041 formam
1504 2006 1643 2042 statuti
1680 2018 1766 2042 cum

307 2060 606 2110 oppositionibus
630 2064 670 2099 et
693 2062 999 2110 responsionibus
1031 2063 1225 2110 requisitis
1252 2063 1443 2100 sufficiant
1467 2064 1502 2100 ei
1526 2064 1575 2100 ad
1604 2064 1768 2101 finaliter

306 2120 635 2158 determinandum
660 2133 748 2158 cum
777 2121 912 2158 ceteris
936 2121 1050 2158 huius
1082 2122 1173 2158 anni
1202 2121 1560 2159 determinatoribus
1588 2123 1643 2159 ita
1664 2123 1766 2170 quod

307 2181 389 2217 eius
420 2180 582 2217 eruditio
613 2181 850 2218 examinetur
881 2184 920 2217 et
953 2181 1184 2229 approbetur
1221 2194 1288 2229 per
1319 2182 1519 2229 magistros
1552 2183 1695 2219 Bai-ker
1726 2187 1766 2220 et

307 2238 493 2275 Grenwall
518 2239 752 2286 oppositores
778 2239 891 2276 istius
919 2240 1009 2276 anni
1037 2244 1078 2276 et
1106 2243 1184 2276 stet
1207 2240 1247 2276 in
1273 2240 1411 2276 scholis
1434 2252 1522 2277 eum
1546 2241 1681 2277 ceteris
1701 2241 1763 2278 de-

307 2297 618 2334 tsrminatoribus

214 2358 313 2394 Item
328 2357 546 2394 conceditur
562 2357 728 2394 Hem-ico
744 2357 942 2394 Cockrofte
957 2361 1001 2393 vt
1025 2360 1070 2394 10
1086 2358 1238 2394 termini
1261 2358 1301 2394 in
1317 2358 1457 2405 quibus
1473 2358 1651 2396 lectiones
1667 2359 1763 2396 ordi-

307 2417 433 2452 narias
455 2415 605 2452 audiuit
630 2427 698 2464 per
727 2416 908 2452 maiorem
935 2419 1081 2463 partem
1107 2415 1147 2452 in
1174 2418 1256 2451 toto
1279 2427 1367 2452 cum
1396 2416 1697 2463 oppositionibus
1724 2421 1765 2454 et

307 2475 613 2523 responsionibus
644 2476 837 2523 requisitis
869 2476 1059 2512 sufficiant
1091 2476 1125 2511 ei
1157 2475 1206 2512 ad
1239 2475 1539 2523 respondendum
1571 2477 1762 2524 questioni

307 2534 361 2570 sic
384 2533 486 2581 quod
510 2535 637 2571 omnia
660 2546 734 2582 que
757 2534 806 2571 ad
831 2535 932 2571 hunc
955 2534 1113 2582 gradum
1140 2547 1186 2572 ex
1212 2547 1315 2572 more
1342 2535 1559 2572 achademie
1587 2539 1762 2583 spectant

307 2597 461 2641 peragat
477 2597 517 2630 et
533 2594 654 2641 possit
669 2597 770 2630 stare
786 2597 826 2630 et
841 2594 1091 2631 determinare
1107 2606 1194 2631 cum
1216 2594 1330 2631 huius
1351 2595 1442 2630 anni
1463 2594 1763 2632 determinatori-

306 2653 378 2690 bus
394 2652 504 2689 modo
519 2653 624 2700 pu'us
640 2653 875 2690 examinetur
890 2656 930 2689 et
945 2652 1176 2700 approbetur
1196 2664 1263 2700 per
1279 2652 1392 2688 huius
1407 2653 1498 2688 anni
1515 2653 1747 2700 oppositores

214 2713 312 2749 Item
333 2712 551 2748 conceditur
573 2712 737 2749 Roberto
758 2713 934 2761 Haryson
954 2719 997 2749 vt
1021 2716 1065 2749 12
1082 2713 1235 2749 termini
1258 2713 1298 2748 in
1314 2712 1455 2759 quibus
1470 2712 1648 2750 lectiones
1665 2714 1761 2757 ordi-

307 2771 432 2807 narias
459 2770 609 2807 audiuit
637 2783 705 2818 per
732 2772 912 2807 maiorem
938 2775 1083 2818 partem
1113 2772 1153 2808 in
1178 2775 1261 2808 toto
1284 2783 1371 2807 cum
1400 2772 1699 2819 oppositionibus
1723 2777 1763 2809 et

307 2829 613 2876 responsionibus
645 2830 838 2877 requisitis
870 2830 1060 2866 sufficiant
1087 2830 1122 2866 ei
1156 2830 1206 2866 ad
1237 2829 1539 2877 respondendum
1572 2831 1761 2877 questioni

307 2889 363 2925 ita
377 2887 478 2936 quod
495 2888 576 2925 eius
595 2888 806 2926 eruditione
828 2889 934 2938 prius
950 2890 1166 2926 examinata
1184 2892 1224 2926 et
1245 2889 1454 2938 approbata
1475 2901 1543 2937 per
1565 2891 1763 2938 magistros
