2008 3294
331 197 418 238 334
916 206 1069 238 GRACE
1100 207 1224 238 BOOK
1258 207 1287 237 Δ
1666 195 1886 252 [1579-80

329 310 556 348 Conceditur
588 315 626 347 4⁰
660 311 789 347 Martii
855 311 951 347 Cum
984 309 1264 358 disputaciones
1296 309 1552 358 philosophice
1584 310 1771 347 ordinarie
1803 322 1879 346 non
1907 315 1911 318 '

423 371 616 407 sufficiunt
636 371 706 407 hoc
726 383 826 407 anno
848 370 1057 417 incepturis
1079 369 1119 405 in
1142 369 1289 405 artibus
1310 372 1353 405 vt
1375 369 1653 416 disputaciones
1675 369 1882 406 extraordi-

422 430 526 467 narie
548 431 642 467 fiant
666 431 707 467 in
729 430 866 467 scholis
887 429 1156 477 philosophicis
1178 428 1228 464 ab
1249 428 1342 464 hora
1364 428 1487 475 prima
1508 440 1627 476 vsque
1651 429 1699 465 ad
1724 427 1879 466 tertiam

423 490 598 526 omnibus
614 491 747 527 diebus
763 490 939 538 profestis
958 489 1125 537 presenti
1148 489 1266 525 altero
1288 492 1574 535 procuratorum
1597 493 1637 525 et
1659 501 1704 525 ex
1727 488 1882 525 bedellis

422 561 496 584 vno
513 549 578 596 qui
597 548 717 595 pridie
734 548 868 584 saltem
885 550 975 584 ante
996 546 1295 594 disputacionem
1313 548 1532 592 premoneat
1548 546 1771 593 prelectores
1787 545 1882 594 pub-

421 608 512 644 licos
541 608 667 643 future
695 606 968 654 disputacionis
997 609 1036 642 et
1061 606 1135 641 vna
1159 605 1288 641 adsint
1312 605 1351 640 in
1377 604 1512 641 habitu
1537 617 1601 641 sex
1625 605 1879 642 bacchalaurii

421 666 561 701 artium
579 665 626 701 ad
643 665 844 701 minimum
861 664 915 700 sic
931 667 974 699 vt
991 664 1205 710 disputator
1221 666 1260 699 et
1277 663 1506 710 respondens
1522 675 1597 699 non
1614 663 1694 699 sint
1710 663 1879 701 eiusdem

422 724 566 770 collegii
599 726 638 759 et
670 722 939 770 respondentes
969 725 1168 768 vtramque
1197 722 1384 769 explicent
1409 722 1645 768 questionem
1669 726 1708 759 et
1731 723 1765 759 si
1788 722 1882 770 quid

424 786 554 819 contra
570 784 730 819 formam
746 782 859 818 huius
875 782 1004 829 gratiae
1022 782 1249 818 admittatur
1265 785 1357 818 tunc
1374 782 1438 818 illa
1453 781 1664 829 disputacio
1686 794 1755 830 pro
1775 782 1881 819 nulla

424 842 608 878 habeatur

330 901 557 937 Conceditur
575 903 619 938 16
637 901 766 937 Martii
816 901 943 945 Quum
965 901 1163 947 ingruente
1183 903 1288 948 peste
1310 913 1386 937 non
1409 900 1460 937 sit
1485 903 1616 937 tutum
1637 899 1881 939 scholasticos

424 960 502 996 fieri
525 972 729 996 concursus
745 963 788 996 vt
804 959 984 996 hodierno
1000 959 1061 996 die
1077 960 1263 996 terminus
1284 959 1514 996 dissolvatur
1530 972 1648 1008 vsque
1665 960 1712 997 ad
1732 959 1881 998 vndeci-

425 1031 530 1055 mum
549 1021 636 1066 post
654 1019 770 1055 Pasce.
793 1019 894 1055 diem
915 1019 970 1056 ita
991 1022 1121 1056 tamen
1140 1022 1183 1056 vt
1203 1018 1482 1068 disputaciones
1505 1020 1760 1068 philosophice
1782 1020 1878 1057 ordi-

423 1079 528 1115 narie
555 1077 708 1115 interim
736 1078 904 1115 faciende
933 1091 1000 1126 pro
1029 1079 1140 1115 factis
1167 1082 1393 1116 censeantur
1423 1079 1548 1127 quoad
1581 1079 1781 1127 magistros
1812 1079 1880 1128 qui

421 1138 661 1184 disputarent
685 1136 968 1174 bacchalaurios
993 1141 1033 1174 et
1057 1136 1223 1174 bedellos

327 1197 553 1236 Conceditur
570 1200 591 1233 8
608 1196 633 1233 J
634 1197 701 1233 ulii
717 1200 761 1234 vt
777 1196 988 1245 inceptores
1004 1196 1181 1234 absentes
1199 1197 1239 1233 in
1257 1196 1318 1234 die
1338 1196 1578 1234 comitiorum
1600 1201 1639 1234 et
1661 1197 1773 1234 hodie
1795 1209 1879 1246 pre-

421 1260 547 1293 sentes
575 1255 722 1303 possint
750 1255 868 1292 creari
900 1255 1081 1293 hodierno
1114 1256 1176 1293 die
1207 1255 1247 1292 in
1280 1256 1419 1293 scholis
1451 1256 1614 1304 publicis
1646 1260 1686 1294 et
1720 1256 1877 1294 eandem

423 1315 619 1352 obtineant
643 1314 904 1352 senioritatem
919 1327 1036 1362 quam
1053 1315 1108 1352 eis
1123 1317 1232 1363 pater
1251 1315 1458 1362 assignavit
