<?xml version="1.0" encoding="UTF-8"?>
<!DOCTYPE html PUBLIC "-//W3C//DTD XHTML 1.0 Transitional//EN"
    "http://www.w3.org/TR/xhtml1/DTD/xhtml1-transitional.dtd">
<html xmlns="http://www.w3.org/1999/xhtml" xml:lang="en" lang="en">
 <head>
  <title>
</title>
<meta http-equiv="Content-Type" content="text/html;charset=utf-8" />
  <meta name='ocr-system' content='tesseract 3.04.00' />
  <meta name='ocr-capabilities' content='ocr_page ocr_carea ocr_par ocr_line ocrx_word'/>
</head>
<body>
  <div class='ocr_page' id='page_1' title='image "./gracebookdeltaco00univuoft_0211.png"; bbox 0 0 2008 3216; ppageno 0'>
   <div class='ocr_carea' id='block_1_1' title="bbox 145 171 1688 232">
    <p class='ocr_par' dir='ltr' id='par_1_1' title="bbox 145 171 1688 232">
     <span class='ocr_line' id='line_1_1' title="bbox 145 171 1688 232; baseline -0.005 -12"><span class='ocrx_word' id='word_1_1' title='bbox 145 177 360 232; x_wconf 86' lang='lat'>1563-64]</span> <span class='ocrx_word' id='word_1_2' title='bbox 727 188 880 220; x_wconf 72' lang='lat' dir='ltr'>osAcn</span> <span class='ocrx_word' id='word_1_3' title='bbox 911 188 1035 219; x_wconf 84' lang='lat' dir='ltr'>BOOK</span> <span class='ocrx_word' id='word_1_4' title='bbox 1066 187 1096 218; x_wconf 79' lang='grc' dir='ltr'><strong>Δ</strong></span> <span class='ocrx_word' id='word_1_5' title='bbox 1607 171 1688 214; x_wconf 86' lang='grc'>177</span> 
     </span>
    </p>
   </div>
   <div class='ocr_carea' id='block_1_2' title="bbox 613 409 1223 467">
    <p class='ocr_par' dir='ltr' id='par_1_2' title="bbox 613 409 1223 467">
     <span class='ocr_line' id='line_1_2' title="bbox 613 409 1223 467; baseline 0 -16"><span class='ocrx_word' id='word_1_6' title='bbox 613 409 896 452; x_wconf 85' lang='lat' dir='ltr'>Bachalaurei</span> <span class='ocrx_word' id='word_1_7' title='bbox 926 410 972 453; x_wconf 90' lang='lat' dir='ltr'>in</span> <span class='ocrx_word' id='word_1_8' title='bbox 1003 409 1223 467; x_wconf 78' lang='lat' dir='ltr'>theologia</span> 
     </span>
    </p>
   </div>
   <div class='ocr_carea' id='block_1_3' title="bbox 145 507 1696 851">
    <p class='ocr_par' dir='ltr' id='par_1_3' title="bbox 145 507 1696 851">
     <span class='ocr_line' id='line_1_3' title="bbox 145 507 1694 558; baseline 0.001 -14"><span class='ocrx_word' id='word_1_9' title='bbox 145 507 371 546; x_wconf 75' lang='lat' dir='ltr'><strong>Conceditur</strong></span> <span class='ocrx_word' id='word_1_10' title='bbox 387 510 446 557; x_wconf 84' lang='lat' dir='ltr'>xxj</span> <span class='ocrx_word' id='word_1_11' title='bbox 465 510 489 546; x_wconf 89' lang='lat' dir='ltr'>J</span> <span class='ocrx_word' id='word_1_12' title='bbox 491 511 572 546; x_wconf 89' lang='lat' dir='ltr'>unii</span> <span class='ocrx_word' id='word_1_13' title='bbox 590 511 768 557; x_wconf 86' lang='lat' dir='ltr'>magistro</span> <span class='ocrx_word' id='word_1_14' title='bbox 784 511 808 547; x_wconf 91' lang='lat' dir='ltr'><strong>J</strong></span> <span class='ocrx_word' id='word_1_15' title='bbox 811 524 843 549; x_wconf 89' lang='lat' dir='ltr'>o.</span> <span class='ocrx_word' id='word_1_16' title='bbox 859 511 1016 558; x_wconf 89' lang='lat' dir='ltr'>Igulden</span> <span class='ocrx_word' id='word_1_17' title='bbox 1034 515 1076 548; x_wconf 89' lang='lat' dir='ltr'>vt</span> <span class='ocrx_word' id='word_1_18' title='bbox 1092 511 1262 552; x_wconf 82' lang='lat' dir='ltr'>studium</span> <span class='ocrx_word' id='word_1_19' title='bbox 1279 511 1315 558; x_wconf 91' lang='lat' dir='ltr'>vj</span> <span class='ocrx_word' id='word_1_20' title='bbox 1331 522 1516 546; x_wconf 87' lang='lat' dir='ltr'>annorum</span> <span class='ocrx_word' id='word_1_21' title='bbox 1533 510 1573 546; x_wconf 90' lang='lat' dir='ltr'>in</span> <span class='ocrx_word' id='word_1_22' title='bbox 1589 509 1694 546; x_wconf 90' lang='lat' dir='ltr'>theo-</span> 
     </span>
     <span class='ocr_line' id='line_1_4' title="bbox 239 567 1696 617; baseline 0.001 -14"><span class='ocrx_word' id='word_1_23' title='bbox 239 567 337 614; x_wconf 87' lang='lat' dir='ltr'>logia</span> <span class='ocrx_word' id='word_1_24' title='bbox 353 572 555 616; x_wconf 77' lang='lat' dir='ltr'>postquam</span> <span class='ocrx_word' id='word_1_25' title='bbox 572 570 708 606; x_wconf 88' lang='lat' dir='ltr'>rexerit</span> <span class='ocrx_word' id='word_1_26' title='bbox 728 570 768 606; x_wconf 89' lang='lat' dir='ltr'>in</span> <span class='ocrx_word' id='word_1_27' title='bbox 787 570 936 607; x_wconf 88' lang='lat' dir='ltr'>artibus</span> <span class='ocrx_word' id='word_1_28' title='bbox 958 582 1045 607; x_wconf 89' lang='lat' dir='ltr'>cum</span> <span class='ocrx_word' id='word_1_29' title='bbox 1067 569 1367 617; x_wconf 87' lang='lat' dir='ltr'>oppositionibus</span> <span class='ocrx_word' id='word_1_30' title='bbox 1390 568 1696 616; x_wconf 77' lang='lat' dir='ltr'>responsionibus</span> 
     </span>
     <span class='ocr_line' id='line_1_5' title="bbox 239 627 1696 677; baseline 0.001 -15"><span class='ocrx_word' id='word_1_31' title='bbox 239 627 475 664; x_wconf 76' lang='lat' dir='ltr'>sermonibus</span> <span class='ocrx_word' id='word_1_32' title='bbox 490 631 529 664; x_wconf 87' lang='lat' dir='ltr'>et</span> <span class='ocrx_word' id='word_1_33' title='bbox 545 629 630 664; x_wconf 86' lang='lat' dir='ltr'>aliis</span> <span class='ocrx_word' id='word_1_34' title='bbox 645 630 832 666; x_wconf 84' lang='lat' dir='ltr'>exercitiis</span> <span class='ocrx_word' id='word_1_35' title='bbox 848 641 916 677; x_wconf 88' lang='lat' dir='ltr'>per</span> <span class='ocrx_word' id='word_1_36' title='bbox 938 630 1054 676; x_wconf 76' lang='lat' dir='ltr'>Regia</span> <span class='ocrx_word' id='word_1_37' title='bbox 1075 632 1222 666; x_wconf 88' lang='lat' dir='ltr'>statuta</span> <span class='ocrx_word' id='word_1_38' title='bbox 1246 629 1439 676; x_wconf 77' lang='lat' dir='ltr'><strong>requisitis</strong></span> <span class='ocrx_word' id='word_1_39' title='bbox 1461 628 1696 676; x_wconf 86' lang='lat' dir='ltr'>perficiendis</span> 
     </span>
     <span class='ocr_line' id='line_1_6' title="bbox 241 686 1694 735; baseline 0.001 -14"><span class='ocrx_word' id='word_1_40' title='bbox 241 686 340 722; x_wconf 84' lang='lat' dir='ltr'>infra</span> <span class='ocrx_word' id='word_1_41' title='bbox 356 698 499 722; x_wconf 90' lang='lat' dir='ltr'>annum</span> <span class='ocrx_word' id='word_1_42' title='bbox 515 699 582 724; x_wconf 89' lang='lat' dir='ltr'>sue</span> <span class='ocrx_word' id='word_1_43' title='bbox 598 687 838 724; x_wconf 76' lang='lat' dir='ltr'>admissionis</span> <span class='ocrx_word' id='word_1_44' title='bbox 853 688 925 724; x_wconf 91' lang='lat' dir='ltr'>sub</span> <span class='ocrx_word' id='word_1_45' title='bbox 941 700 1038 735; x_wconf 88' lang='lat' dir='ltr'>pena</span> <span class='ocrx_word' id='word_1_46' title='bbox 1053 694 1087 724; x_wconf 82' lang='lat' dir='ltr'>c·</span> <span class='ocrx_word' id='word_1_47' title='bbox 1100 687 1272 734; x_wconf 84' lang='lat' dir='ltr'>ponenda</span> <span class='ocrx_word' id='word_1_48' title='bbox 1284 687 1323 724; x_wconf 92' lang='lat' dir='ltr'>in</span> <span class='ocrx_word' id='word_1_49' title='bbox 1336 687 1511 723; x_wconf 90' lang='lat' dir='ltr'>manibus</span> <span class='ocrx_word' id='word_1_50' title='bbox 1524 699 1694 734; x_wconf 84' lang='lat' dir='ltr'>procura-</span> 
     </span>
     <span class='ocr_line' id='line_1_7' title="bbox 242 745 1696 793; baseline 0.001 -13"><span class='ocrx_word' id='word_1_51' title='bbox 242 747 366 780; x_wconf 88' lang='lat' dir='ltr'>torum</span> <span class='ocrx_word' id='word_1_52' title='bbox 383 748 472 781; x_wconf 89' lang='lat' dir='ltr'>ante</span> <span class='ocrx_word' id='word_1_53' title='bbox 489 746 569 782; x_wconf 91' lang='lat' dir='ltr'>eius</span> <span class='ocrx_word' id='word_1_54' title='bbox 591 746 857 783; x_wconf 81' lang='lat' dir='ltr'>admissionem</span> <span class='ocrx_word' id='word_1_55' title='bbox 881 747 1043 782; x_wconf 91' lang='lat' dir='ltr'>sufficiat</span> <span class='ocrx_word' id='word_1_56' title='bbox 1065 746 1099 782; x_wconf 94' lang='lat' dir='ltr'>ei</span> <span class='ocrx_word' id='word_1_57' title='bbox 1122 749 1202 782; x_wconf 88' lang='lat' dir='ltr'>tam</span> <span class='ocrx_word' id='word_1_58' title='bbox 1225 745 1274 782; x_wconf 89' lang='lat' dir='ltr'>ad</span> <span class='ocrx_word' id='word_1_59' title='bbox 1294 746 1559 793; x_wconf 89' lang='lat' dir='ltr'>opponendum</span> <span class='ocrx_word' id='word_1_60' title='bbox 1582 758 1696 792; x_wconf 82' lang='lat' dir='ltr'>quam</span> 
     </span>
     <span class='ocr_line' id='line_1_8' title="bbox 242 801 910 851; baseline 0.004 -14"><span class='ocrx_word' id='word_1_61' title='bbox 242 801 290 837; x_wconf 86' lang='lat' dir='ltr'>ad</span> <span class='ocrx_word' id='word_1_62' title='bbox 307 802 527 839; x_wconf 88' lang='lat' dir='ltr'>intrandum</span> <span class='ocrx_word' id='word_1_63' title='bbox 544 803 584 839; x_wconf 90' lang='lat' dir='ltr'>in</span> <span class='ocrx_word' id='word_1_64' title='bbox 601 816 707 840; x_wconf 89' lang='lat' dir='ltr'>sacra</span> <span class='ocrx_word' id='word_1_65' title='bbox 722 804 910 851; x_wconf 77' lang='lat' dir='ltr'>theologia</span> 
     </span>
    </p>
   </div>
   <div class='ocr_carea' id='block_1_4' title="bbox 145 859 1696 970">
    <p class='ocr_par' dir='ltr' id='par_1_4' title="bbox 145 859 1696 970">
     <span class='ocr_line' id='line_1_9' title="bbox 145 859 1696 910; baseline 0.001 -14"><span class='ocrx_word' id='word_1_66' title='bbox 145 859 287 897; x_wconf 82' lang='lat' dir='ltr'>Eadem</span> <span class='ocrx_word' id='word_1_67' title='bbox 302 861 424 907; x_wconf 88' lang='lat' dir='ltr'>gratia</span> <span class='ocrx_word' id='word_1_68' title='bbox 439 862 656 898; x_wconf 79' lang='lat' dir='ltr'>conceditur</span> <span class='ocrx_word' id='word_1_69' title='bbox 671 863 801 899; x_wconf 91' lang='lat' dir='ltr'>eodem</span> <span class='ocrx_word' id='word_1_70' title='bbox 819 863 999 910; x_wconf 84' lang='lat' dir='ltr'>magistro</span> <span class='ocrx_word' id='word_1_71' title='bbox 1015 863 1072 899; x_wconf 91' lang='lat' dir='ltr'>W.</span> <span class='ocrx_word' id='word_1_72' title='bbox 1094 863 1208 910; x_wconf 88' lang='lat' dir='ltr'>Paget</span> <span class='ocrx_word' id='word_1_73' title='bbox 1253 863 1463 899; x_wconf 88' lang='lat' dir='ltr'>Presentati</span> <span class='ocrx_word' id='word_1_74' title='bbox 1481 863 1610 899; x_wconf 88' lang='lat' dir='ltr'>eodem</span> <span class='ocrx_word' id='word_1_75' title='bbox 1629 875 1696 910; x_wconf 85' lang='lat' dir='ltr'>per</span> 
     </span>
     <span class='ocr_line' id='line_1_10' title="bbox 239 920 1285 970; baseline 0.003 -15"><span class='ocrx_word' id='word_1_76' title='bbox 239 920 460 966; x_wconf 87' lang='lat' dir='ltr'>magistrum</span> <span class='ocrx_word' id='word_1_77' title='bbox 477 920 668 957; x_wconf 87' lang='lat' dir='ltr'>doctorem</span> <span class='ocrx_word' id='word_1_78' title='bbox 685 922 820 958; x_wconf 86' lang='lat' dir='ltr'>Stokes</span> <span class='ocrx_word' id='word_1_79' title='bbox 837 922 994 969; x_wconf 79' lang='lat' dir='ltr'>(peregit</span> <span class='ocrx_word' id='word_1_80' title='bbox 1007 922 1136 958; x_wconf 89' lang='lat' dir='ltr'>omnia</span> <span class='ocrx_word' id='word_1_81' title='bbox 1152 924 1285 970; x_wconf 65' lang='lat' dir='ltr'>marg.)</span> 
     </span>
    </p>
   </div>
   <div class='ocr_carea' id='block_1_5' title="bbox 149 1021 1859 1902">
    <p class='ocr_par' dir='ltr' id='par_1_5' title="bbox 151 1021 1859 1487">
     <span class='ocr_line' id='line_1_11' title="bbox 151 1021 1859 1074; baseline 0 -12"><span class='ocrx_word' id='word_1_82' title='bbox 151 1026 381 1063; x_wconf 75' lang='lat' dir='ltr'>Conceditur</span> <span class='ocrx_word' id='word_1_83' title='bbox 397 1025 459 1074; x_wconf 77' lang='lat' dir='ltr'>ijd⁰</span> <span class='ocrx_word' id='word_1_84' title='bbox 474 1027 497 1063; x_wconf 89' lang='lat' dir='ltr'>J</span> <span class='ocrx_word' id='word_1_85' title='bbox 501 1027 567 1063; x_wconf 92' lang='lat' dir='ltr'>ulii</span> <span class='ocrx_word' id='word_1_86' title='bbox 585 1027 764 1074; x_wconf 87' lang='lat' dir='ltr'>magistro</span> <span class='ocrx_word' id='word_1_87' title='bbox 780 1027 839 1065; x_wconf 86' lang='lat' dir='ltr'>Jo.</span> <span class='ocrx_word' id='word_1_88' title='bbox 859 1027 1012 1074; x_wconf 88' lang='lat' dir='ltr'>Bridges</span> <span class='ocrx_word' id='word_1_89' title='bbox 1029 1030 1070 1062; x_wconf 92' lang='lat' dir='ltr'>vt</span> <span class='ocrx_word' id='word_1_90' title='bbox 1087 1027 1257 1063; x_wconf 90' lang='lat' dir='ltr'>studium</span> <span class='ocrx_word' id='word_1_91' title='bbox 1274 1031 1437 1074; x_wconf 87' lang='lat' dir='ltr'>quatuor</span> <span class='ocrx_word' id='word_1_92' title='bbox 1453 1039 1637 1063; x_wconf 88' lang='lat' dir='ltr'>annorum</span> <span class='ocrx_word' id='word_1_93' title='bbox 1660 1027 1697 1062; x_wconf 86' lang='lat' dir='ltr'>in</span> <span class='ocrx_word' id='word_1_94' title='bbox 1717 1021 1745 1059; x_wconf 77' lang='lat' dir='ltr'>f.</span> <span class='ocrx_word' id='word_1_95' title='bbox 1770 1021 1820 1060; x_wconf 85' lang='grc'>76</span> <span class='ocrx_word' id='word_1_96' title='bbox 1837 1034 1859 1058; x_wconf 72' lang='lat' dir='ltr'>a</span> 
     </span>
     <span class='ocr_line' id='line_1_12' title="bbox 243 1085 1697 1133; baseline 0.001 -12"><span class='ocrx_word' id='word_1_97' title='bbox 243 1085 429 1132; x_wconf 87' lang='lat' dir='ltr'>theologia</span> <span class='ocrx_word' id='word_1_98' title='bbox 445 1089 645 1133; x_wconf 79' lang='lat' dir='ltr'>postquam</span> <span class='ocrx_word' id='word_1_99' title='bbox 663 1087 798 1122; x_wconf 88' lang='lat' dir='ltr'>rexerit</span> <span class='ocrx_word' id='word_1_100' title='bbox 816 1087 855 1122; x_wconf 91' lang='lat' dir='ltr'>in</span> <span class='ocrx_word' id='word_1_101' title='bbox 872 1086 1019 1122; x_wconf 88' lang='lat' dir='ltr'>artibus</span> <span class='ocrx_word' id='word_1_102' title='bbox 1035 1098 1121 1122; x_wconf 91' lang='lat' dir='ltr'>cum</span> <span class='ocrx_word' id='word_1_103' title='bbox 1139 1086 1438 1133; x_wconf 85' lang='lat' dir='ltr'>oppositionibus</span> <span class='ocrx_word' id='word_1_104' title='bbox 1451 1087 1697 1133; x_wconf 82' lang='lat' dir='ltr'>responsioni-</span> 
     </span>
     <span class='ocr_line' id='line_1_13' title="bbox 246 1143 1697 1192; baseline 0 -12"><span class='ocrx_word' id='word_1_105' title='bbox 246 1143 318 1180; x_wconf 91' lang='lat' dir='ltr'>bus</span> <span class='ocrx_word' id='word_1_106' title='bbox 334 1144 569 1181; x_wconf 86' lang='lat' dir='ltr'>sermonibus</span> <span class='ocrx_word' id='word_1_107' title='bbox 585 1148 624 1182; x_wconf 91' lang='lat' dir='ltr'>et</span> <span class='ocrx_word' id='word_1_108' title='bbox 639 1145 723 1181; x_wconf 91' lang='lat' dir='ltr'>aliis</span> <span class='ocrx_word' id='word_1_109' title='bbox 739 1146 926 1181; x_wconf 85' lang='lat' dir='ltr'>exercitiis</span> <span class='ocrx_word' id='word_1_110' title='bbox 946 1157 1012 1192; x_wconf 86' lang='lat' dir='ltr'>per</span> <span class='ocrx_word' id='word_1_111' title='bbox 1033 1148 1180 1182; x_wconf 86' lang='lat' dir='ltr'>statuta</span> <span class='ocrx_word' id='word_1_112' title='bbox 1203 1145 1318 1192; x_wconf 87' lang='lat' dir='ltr'>Regia</span> <span class='ocrx_word' id='word_1_113' title='bbox 1340 1146 1532 1192; x_wconf 86' lang='lat' dir='ltr'>requisitis</span> <span class='ocrx_word' id='word_1_114' title='bbox 1557 1146 1697 1192; x_wconf 81' lang='lat' dir='ltr'>perfici-</span> 
     </span>
     <span class='ocr_line' id='line_1_14' title="bbox 241 1203 1694 1252; baseline -0.001 -12"><span class='ocrx_word' id='word_1_115' title='bbox 241 1203 348 1240; x_wconf 87' lang='lat' dir='ltr'>endis</span> <span class='ocrx_word' id='word_1_116' title='bbox 365 1204 462 1241; x_wconf 88' lang='lat' dir='ltr'>infra</span> <span class='ocrx_word' id='word_1_117' title='bbox 478 1216 620 1240; x_wconf 87' lang='lat' dir='ltr'>annum</span> <span class='ocrx_word' id='word_1_118' title='bbox 636 1208 722 1252; x_wconf 88' lang='lat' dir='ltr'>post</span> <span class='ocrx_word' id='word_1_119' title='bbox 743 1205 825 1240; x_wconf 89' lang='lat' dir='ltr'>eius</span> <span class='ocrx_word' id='word_1_120' title='bbox 845 1204 1112 1240; x_wconf 80' lang='lat' dir='ltr'>admissionem</span> <span class='ocrx_word' id='word_1_121' title='bbox 1134 1204 1206 1240; x_wconf 88' lang='lat' dir='ltr'>sub</span> <span class='ocrx_word' id='word_1_122' title='bbox 1230 1215 1325 1251; x_wconf 88' lang='lat' dir='ltr'>pena</span> <span class='ocrx_word' id='word_1_123' title='bbox 1348 1203 1436 1251; x_wconf 83' lang='lat' dir='ltr'>viij¹¹</span> <span class='ocrx_word' id='word_1_124' title='bbox 1459 1204 1632 1251; x_wconf 82' lang='lat' dir='ltr'>ponenda</span> <span class='ocrx_word' id='word_1_125' title='bbox 1656 1204 1694 1239; x_wconf 91' lang='lat' dir='ltr'>in</span> 
     </span>
     <span class='ocr_line' id='line_1_15' title="bbox 244 1262 1695 1310; baseline -0.001 -11"><span class='ocrx_word' id='word_1_126' title='bbox 244 1262 420 1299; x_wconf 88' lang='lat' dir='ltr'>manibus</span> <span class='ocrx_word' id='word_1_127' title='bbox 452 1266 735 1310; x_wconf 80' lang='lat' dir='ltr'>procuratorum</span> <span class='ocrx_word' id='word_1_128' title='bbox 768 1267 856 1299; x_wconf 89' lang='lat' dir='ltr'>ante</span> <span class='ocrx_word' id='word_1_129' title='bbox 884 1264 965 1299; x_wconf 93' lang='lat' dir='ltr'>eius</span> <span class='ocrx_word' id='word_1_130' title='bbox 993 1263 1259 1300; x_wconf 82' lang='lat' dir='ltr'>admissionem</span> <span class='ocrx_word' id='word_1_131' title='bbox 1289 1263 1451 1299; x_wconf 88' lang='lat' dir='ltr'>sufficiat</span> <span class='ocrx_word' id='word_1_132' title='bbox 1477 1263 1510 1298; x_wconf 86' lang='lat' dir='ltr'>ei</span> <span class='ocrx_word' id='word_1_133' title='bbox 1540 1266 1619 1298; x_wconf 88' lang='lat' dir='ltr'>tam</span> <span class='ocrx_word' id='word_1_134' title='bbox 1649 1263 1695 1298; x_wconf 84' lang='lat' dir='ltr'>ad</span> 
     </span>
     <span class='ocr_line' id='line_1_16' title="bbox 241 1321 1698 1369; baseline 0 -12"><span class='ocrx_word' id='word_1_135' title='bbox 241 1321 506 1369; x_wconf 89' lang='lat' dir='ltr'>opponendum</span> <span class='ocrx_word' id='word_1_136' title='bbox 531 1333 647 1369; x_wconf 90' lang='lat' dir='ltr'>quam</span> <span class='ocrx_word' id='word_1_137' title='bbox 675 1322 723 1358; x_wconf 83' lang='lat' dir='ltr'>ad</span> <span class='ocrx_word' id='word_1_138' title='bbox 753 1321 972 1358; x_wconf 87' lang='lat' dir='ltr'>intrandum</span> <span class='ocrx_word' id='word_1_139' title='bbox 1000 1322 1039 1357; x_wconf 91' lang='lat' dir='ltr'>in</span> <span class='ocrx_word' id='word_1_140' title='bbox 1069 1334 1174 1357; x_wconf 82' lang='lat' dir='ltr'>sacra</span> <span class='ocrx_word' id='word_1_141' title='bbox 1200 1322 1386 1368; x_wconf 86' lang='lat' dir='ltr'>theologia</span> <span class='ocrx_word' id='word_1_142' title='bbox 1413 1322 1503 1368; x_wconf 90' lang='lat' dir='ltr'>quia</span> <span class='ocrx_word' id='word_1_143' title='bbox 1530 1322 1698 1368; x_wconf 83' lang='lat' dir='ltr'>proxima</span> 
     </span>
     <span class='ocr_line' id='line_1_17' title="bbox 243 1380 1698 1428; baseline 0 -12"><span class='ocrx_word' id='word_1_144' title='bbox 243 1380 396 1416; x_wconf 86' lang='lat' dir='ltr'>comitia</span> <span class='ocrx_word' id='word_1_145' title='bbox 417 1384 612 1428; x_wconf 84' lang='lat' dir='ltr'>expectare</span> <span class='ocrx_word' id='word_1_146' title='bbox 633 1393 706 1417; x_wconf 90' lang='lat' dir='ltr'>non</span> <span class='ocrx_word' id='word_1_147' title='bbox 733 1385 858 1428; x_wconf 78' lang='lat' dir='ltr'>potest</span> <span class='ocrx_word' id='word_1_148' title='bbox 882 1381 1024 1428; x_wconf 86' lang='lat' dir='ltr'>absque</span> <span class='ocrx_word' id='word_1_149' title='bbox 1048 1382 1152 1428; x_wconf 90' lang='lat' dir='ltr'>gravi</span> <span class='ocrx_word' id='word_1_150' title='bbox 1176 1381 1405 1417; x_wconf 85' lang='lat' dir='ltr'>detrimento</span> <span class='ocrx_word' id='word_1_151' title='bbox 1456 1381 1698 1417; x_wconf 84' lang='lat' dir='ltr'>Presentatus</span> 
     </span>
     <span class='ocr_line' id='line_1_18' title="bbox 244 1438 1270 1487; baseline 0 -13"><span class='ocrx_word' id='word_1_152' title='bbox 244 1450 311 1485; x_wconf 86' lang='lat' dir='ltr'>per</span> <span class='ocrx_word' id='word_1_153' title='bbox 327 1438 518 1475; x_wconf 89' lang='lat' dir='ltr'>doctorem</span> <span class='ocrx_word' id='word_1_154' title='bbox 538 1440 655 1475; x_wconf 88' lang='lat' dir='ltr'>Perne</span> <span class='ocrx_word' id='word_1_155' title='bbox 670 1439 799 1475; x_wconf 90' lang='lat' dir='ltr'>eodem</span> <span class='ocrx_word' id='word_1_156' title='bbox 818 1440 977 1487; x_wconf 88' lang='lat' dir='ltr'>(peregit</span> <span class='ocrx_word' id='word_1_157' title='bbox 993 1440 1121 1475; x_wconf 82' lang='lat' dir='ltr'>omnia</span> <span class='ocrx_word' id='word_1_158' title='bbox 1137 1440 1270 1487; x_wconf 56' lang='grc' dir='ltr'>ηραν-9.)</span> 
     </span>
    </p>

    <p class='ocr_par' dir='ltr' id='par_1_6' title="bbox 149 1496 1698 1902">
     <span class='ocr_line' id='line_1_19' title="bbox 149 1496 1697 1545; baseline 0.001 -13"><span class='ocrx_word' id='word_1_159' title='bbox 149 1496 376 1533; x_wconf 82' lang='lat' dir='ltr'>Conceditur</span> <span class='ocrx_word' id='word_1_160' title='bbox 392 1497 460 1544; x_wconf 84' lang='lat' dir='ltr'>vij⁰</span> <span class='ocrx_word' id='word_1_161' title='bbox 482 1498 505 1533; x_wconf 91' lang='lat' dir='ltr'><strong>J</strong></span> <span class='ocrx_word' id='word_1_162' title='bbox 509 1498 575 1534; x_wconf 94' lang='lat' dir='ltr'>ulii</span> <span class='ocrx_word' id='word_1_163' title='bbox 596 1499 776 1544; x_wconf 87' lang='lat' dir='ltr'>magistro</span> <span class='ocrx_word' id='word_1_164' title='bbox 797 1499 819 1534; x_wconf 87' lang='lat' dir='ltr'>J</span> <span class='ocrx_word' id='word_1_165' title='bbox 824 1511 855 1535; x_wconf 90' lang='lat' dir='ltr'>o.</span> <span class='ocrx_word' id='word_1_166' title='bbox 882 1499 983 1535; x_wconf 87' lang='lat' dir='ltr'>Lane</span> <span class='ocrx_word' id='word_1_167' title='bbox 1006 1503 1047 1534; x_wconf 90' lang='lat' dir='ltr'>vt</span> <span class='ocrx_word' id='word_1_168' title='bbox 1069 1498 1239 1534; x_wconf 92' lang='lat' dir='ltr'>studium</span> <span class='ocrx_word' id='word_1_169' title='bbox 1261 1503 1425 1545; x_wconf 89' lang='lat' dir='ltr'>quatuor</span> <span class='ocrx_word' id='word_1_170' title='bbox 1446 1511 1630 1535; x_wconf 85' lang='lat' dir='ltr'>annorum</span> <span class='ocrx_word' id='word_1_171' title='bbox 1659 1499 1697 1534; x_wconf 89' lang='lat' dir='ltr'>in</span> 
     </span>
     <span class='ocr_line' id='line_1_20' title="bbox 242 1556 1697 1606; baseline 0.001 -14"><span class='ocrx_word' id='word_1_172' title='bbox 242 1556 428 1603; x_wconf 85' lang='lat' dir='ltr'>theologia</span> <span class='ocrx_word' id='word_1_173' title='bbox 445 1560 644 1604; x_wconf 84' lang='lat' dir='ltr'>postquam</span> <span class='ocrx_word' id='word_1_174' title='bbox 663 1558 799 1594; x_wconf 85' lang='lat' dir='ltr'>rexerit</span> <span class='ocrx_word' id='word_1_175' title='bbox 817 1558 856 1594; x_wconf 91' lang='lat' dir='ltr'>in</span> <span class='ocrx_word' id='word_1_176' title='bbox 873 1557 1020 1594; x_wconf 90' lang='lat' dir='ltr'>artibus</span> <span class='ocrx_word' id='word_1_177' title='bbox 1037 1570 1123 1594; x_wconf 90' lang='lat' dir='ltr'>cum</span> <span class='ocrx_word' id='word_1_178' title='bbox 1138 1558 1437 1606; x_wconf 84' lang='lat' dir='ltr'>oppositionibus</span> <span class='ocrx_word' id='word_1_179' title='bbox 1449 1559 1697 1605; x_wconf 86' lang='lat' dir='ltr'>responsioni-</span> 
     </span>
     <span class='ocr_line' id='line_1_21' title="bbox 245 1614 1696 1664; baseline 0.001 -13"><span class='ocrx_word' id='word_1_180' title='bbox 245 1614 315 1651; x_wconf 85' lang='lat' dir='ltr'>bus</span> <span class='ocrx_word' id='word_1_181' title='bbox 331 1616 566 1653; x_wconf 83' lang='lat' dir='ltr'>sermonibus</span> <span class='ocrx_word' id='word_1_182' title='bbox 583 1622 620 1653; x_wconf 92' lang='lat' dir='ltr'>et</span> <span class='ocrx_word' id='word_1_183' title='bbox 637 1617 721 1652; x_wconf 92' lang='lat' dir='ltr'>aliis</span> <span class='ocrx_word' id='word_1_184' title='bbox 737 1617 924 1653; x_wconf 84' lang='lat' dir='ltr'>exercitiis</span> <span class='ocrx_word' id='word_1_185' title='bbox 945 1629 1012 1664; x_wconf 92' lang='lat' dir='ltr'>per</span> <span class='ocrx_word' id='word_1_186' title='bbox 1030 1620 1177 1653; x_wconf 87' lang='lat' dir='ltr'>statuta</span> <span class='ocrx_word' id='word_1_187' title='bbox 1203 1617 1318 1663; x_wconf 86' lang='lat' dir='ltr'>Regia</span> <span class='ocrx_word' id='word_1_188' title='bbox 1340 1617 1532 1664; x_wconf 85' lang='lat' dir='ltr'>requisitis</span> <span class='ocrx_word' id='word_1_189' title='bbox 1555 1618 1696 1664; x_wconf 90' lang='lat' dir='ltr'>perfici-</span> 
     </span>
     <span class='ocr_line' id='line_1_22' title="bbox 241 1673 1695 1722; baseline 0.001 -12"><span class='ocrx_word' id='word_1_190' title='bbox 241 1673 349 1710; x_wconf 89' lang='lat' dir='ltr'>endis</span> <span class='ocrx_word' id='word_1_191' title='bbox 363 1674 462 1710; x_wconf 78' lang='lat' dir='ltr'>infra</span> <span class='ocrx_word' id='word_1_192' title='bbox 477 1686 619 1710; x_wconf 88' lang='lat' dir='ltr'>annum</span> <span class='ocrx_word' id='word_1_193' title='bbox 636 1678 722 1722; x_wconf 90' lang='lat' dir='ltr'>post</span> <span class='ocrx_word' id='word_1_194' title='bbox 738 1676 819 1711; x_wconf 89' lang='lat' dir='ltr'>eius</span> <span class='ocrx_word' id='word_1_195' title='bbox 835 1676 1103 1711; x_wconf 87' lang='lat' dir='ltr'>admissionem</span> <span class='ocrx_word' id='word_1_196' title='bbox 1120 1675 1192 1711; x_wconf 92' lang='lat' dir='ltr'>sub</span> <span class='ocrx_word' id='word_1_197' title='bbox 1208 1687 1305 1722; x_wconf 91' lang='lat' dir='ltr'>pena</span> <span class='ocrx_word' id='word_1_198' title='bbox 1322 1675 1410 1722; x_wconf 79' lang='lat' dir='ltr'>viiju</span> <span class='ocrx_word' id='word_1_199' title='bbox 1433 1676 1605 1722; x_wconf 89' lang='lat' dir='ltr'>ponenda</span> <span class='ocrx_word' id='word_1_200' title='bbox 1626 1680 1695 1712; x_wconf 91' lang='lat' dir='ltr'>etc.</span> 
     </span>
     <span class='ocr_line' id='line_1_23' title="bbox 243 1733 1698 1782; baseline 0.001 -13"><span class='ocrx_word' id='word_1_201' title='bbox 243 1733 405 1769; x_wconf 88' lang='lat' dir='ltr'>sufficiat</span> <span class='ocrx_word' id='word_1_202' title='bbox 421 1734 454 1769; x_wconf 92' lang='lat' dir='ltr'>ei</span> <span class='ocrx_word' id='word_1_203' title='bbox 473 1737 551 1769; x_wconf 82' lang='lat' dir='ltr'>tam</span> <span class='ocrx_word' id='word_1_204' title='bbox 569 1733 617 1770; x_wconf 87' lang='lat' dir='ltr'>ad</span> <span class='ocrx_word' id='word_1_205' title='bbox 634 1734 899 1782; x_wconf 90' lang='lat' dir='ltr'>opponendum</span> <span class='ocrx_word' id='word_1_206' title='bbox 916 1747 1031 1782; x_wconf 89' lang='lat' dir='ltr'>quam</span> <span class='ocrx_word' id='word_1_207' title='bbox 1044 1735 1092 1771; x_wconf 87' lang='lat' dir='ltr'>ad</span> <span class='ocrx_word' id='word_1_208' title='bbox 1107 1735 1326 1771; x_wconf 87' lang='lat' dir='ltr'>intrandum</span> <span class='ocrx_word' id='word_1_209' title='bbox 1340 1735 1379 1770; x_wconf 92' lang='lat' dir='ltr'>in</span> <span class='ocrx_word' id='word_1_210' title='bbox 1393 1747 1499 1771; x_wconf 85' lang='lat' dir='ltr'>sacra</span> <span class='ocrx_word' id='word_1_211' title='bbox 1512 1735 1698 1782; x_wconf 89' lang='lat' dir='ltr'>theologia</span> 
     </span>
     <span class='ocr_line' id='line_1_24' title="bbox 243 1791 1696 1841; baseline 0.002 -14"><span class='ocrx_word' id='word_1_212' title='bbox 243 1791 296 1827; x_wconf 89' lang='lat' dir='ltr'>sic</span> <span class='ocrx_word' id='word_1_213' title='bbox 313 1794 355 1828; x_wconf 85' lang='lat' dir='ltr'>vt</span> <span class='ocrx_word' id='word_1_214' title='bbox 371 1792 546 1828; x_wconf 88' lang='lat' dir='ltr'>convivat</span> <span class='ocrx_word' id='word_1_215' title='bbox 562 1793 601 1828; x_wconf 91' lang='lat' dir='ltr'>in</span> <span class='ocrx_word' id='word_1_216' title='bbox 618 1794 797 1839; x_wconf 81' lang='lat' dir='ltr'>proximis</span> <span class='ocrx_word' id='word_1_217' title='bbox 813 1794 977 1830; x_wconf 86' lang='lat' dir='ltr'>comitiis</span> <span class='ocrx_word' id='word_1_218' title='bbox 1030 1794 1270 1830; x_wconf 85' lang='lat' dir='ltr'>Presentatus</span> <span class='ocrx_word' id='word_1_219' title='bbox 1287 1806 1353 1841; x_wconf 86' lang='lat' dir='ltr'>per</span> <span class='ocrx_word' id='word_1_220' title='bbox 1368 1793 1560 1830; x_wconf 89' lang='lat' dir='ltr'>doctorem</span> <span class='ocrx_word' id='word_1_221' title='bbox 1580 1795 1696 1830; x_wconf 90' lang='lat' dir='ltr'>Perne</span> 
     </span>
     <span class='ocr_line' id='line_1_25' title="bbox 243 1850 1184 1902; baseline 0.002 -15"><span class='ocrx_word' id='word_1_222' title='bbox 243 1850 372 1887; x_wconf 91' lang='lat' dir='ltr'>eodem</span> <span class='ocrx_word' id='word_1_223' title='bbox 391 1851 648 1899; x_wconf 87' lang='lat' dir='ltr'>(dispensatur</span> <span class='ocrx_word' id='word_1_224' title='bbox 665 1865 730 1900; x_wconf 88' lang='lat' dir='ltr'>per</span> <span class='ocrx_word' id='word_1_225' title='bbox 745 1853 858 1889; x_wconf 86' lang='lat' dir='ltr'>aliam</span> <span class='ocrx_word' id='word_1_226' title='bbox 874 1854 1034 1900; x_wconf 86' lang='lat' dir='ltr'>gratiam</span> <span class='ocrx_word' id='word_1_227' title='bbox 1051 1856 1184 1902; x_wconf 72' lang='lat' dir='ltr'>mar-9.)</span> 
     </span>
    </p>
   </div>
   <div class='ocr_carea' id='block_1_6' title="bbox 657 2065 1191 2124">
    <p class='ocr_par' dir='ltr' id='par_1_7' title="bbox 657 2065 1191 2124">
     <span class='ocr_line' id='line_1_26' title="bbox 657 2065 1191 2124; baseline 0.002 -16"><span class='ocrx_word' id='word_1_228' title='bbox 657 2065 865 2109; x_wconf 82' lang='lat' dir='ltr'>Doctores</span> <span class='ocrx_word' id='word_1_229' title='bbox 895 2067 939 2109; x_wconf 89' lang='lat' dir='ltr'>in</span> <span class='ocrx_word' id='word_1_230' title='bbox 973 2067 1191 2124; x_wconf 83' lang='lat' dir='ltr'>theologia</span> 
     </span>
    </p>
   </div>
   <div class='ocr_carea' id='block_1_7' title="bbox 151 2164 1700 2501">
    <p class='ocr_par' dir='ltr' id='par_1_8' title="bbox 151 2164 1700 2501">
     <span class='ocr_line' id='line_1_27' title="bbox 151 2164 1700 2217; baseline 0.005 -16"><span class='ocrx_word' id='word_1_231' title='bbox 151 2164 379 2202; x_wconf 86' lang='lat' dir='ltr'>Conceditur</span> <span class='ocrx_word' id='word_1_232' title='bbox 411 2167 523 2203; x_wconf 87' lang='lat' dir='ltr'>tertio</span> <span class='ocrx_word' id='word_1_233' title='bbox 558 2167 783 2205; x_wconf 89' lang='lat' dir='ltr'>Novembris</span> <span class='ocrx_word' id='word_1_234' title='bbox 816 2170 995 2215; x_wconf 88' lang='lat' dir='ltr'>magistro</span> <span class='ocrx_word' id='word_1_235' title='bbox 1030 2170 1095 2205; x_wconf 87' lang='lat' dir='ltr'>Ed.</span> <span class='ocrx_word' id='word_1_236' title='bbox 1134 2170 1311 2205; x_wconf 75' lang='lat' dir='ltr'>Hawford</span> <span class='ocrx_word' id='word_1_237' title='bbox 1345 2172 1632 2217; x_wconf 82' lang='lat' dir='ltr'>procancellario</span> <span class='ocrx_word' id='word_1_238' title='bbox 1659 2177 1700 2208; x_wconf 91' lang='lat' dir='ltr'>vt</span> 
     </span>
     <span class='ocr_line' id='line_1_28' title="bbox 246 2223 1698 2275; baseline 0.005 -16"><span class='ocrx_word' id='word_1_239' title='bbox 246 2223 415 2260; x_wconf 90' lang='lat' dir='ltr'>studium</span> <span class='ocrx_word' id='word_1_240' title='bbox 432 2225 467 2272; x_wconf 88' lang='lat' dir='ltr'>vj</span> <span class='ocrx_word' id='word_1_241' title='bbox 487 2237 669 2262; x_wconf 87' lang='lat' dir='ltr'>annorum</span> <span class='ocrx_word' id='word_1_242' title='bbox 688 2227 727 2261; x_wconf 91' lang='lat' dir='ltr'>in</span> <span class='ocrx_word' id='word_1_243' title='bbox 750 2227 938 2274; x_wconf 86' lang='lat' dir='ltr'>theologia</span> <span class='ocrx_word' id='word_1_244' title='bbox 958 2233 1044 2275; x_wconf 88' lang='lat' dir='ltr'>post</span> <span class='ocrx_word' id='word_1_245' title='bbox 1066 2228 1223 2275; x_wconf 84' lang='lat' dir='ltr'>gradum</span> <span class='ocrx_word' id='word_1_246' title='bbox 1250 2228 1483 2265; x_wconf 78' lang='lat' dir='ltr'>bachalaurei</span> <span class='ocrx_word' id='word_1_247' title='bbox 1507 2230 1544 2265; x_wconf 91' lang='lat' dir='ltr'>in</span> <span class='ocrx_word' id='word_1_248' title='bbox 1569 2230 1698 2265; x_wconf 88' lang='lat' dir='ltr'>eadem</span> 
     </span>
     <span class='ocr_line' id='line_1_29' title="bbox 246 2285 1698 2334; baseline 0.004 -16"><span class='ocrx_word' id='word_1_249' title='bbox 246 2287 462 2330; x_wconf 83' lang='lat' dir='ltr'>susceptum</span> <span class='ocrx_word' id='word_1_250' title='bbox 495 2296 581 2320; x_wconf 92' lang='lat' dir='ltr'>cum</span> <span class='ocrx_word' id='word_1_251' title='bbox 611 2285 759 2321; x_wconf 90' lang='lat' dir='ltr'>duobus</span> <span class='ocrx_word' id='word_1_252' title='bbox 787 2286 1023 2322; x_wconf 89' lang='lat' dir='ltr'>sermonibus</span> <span class='ocrx_word' id='word_1_253' title='bbox 1054 2299 1126 2322; x_wconf 87' lang='lat' dir='ltr'>vno</span> <span class='ocrx_word' id='word_1_254' title='bbox 1154 2287 1201 2322; x_wconf 71' lang='lat' dir='ltr'>ad</span> <span class='ocrx_word' id='word_1_255' title='bbox 1232 2288 1411 2334; x_wconf 89' lang='lat' dir='ltr'>populum</span> <span class='ocrx_word' id='word_1_256' title='bbox 1440 2291 1479 2324; x_wconf 91' lang='lat' dir='ltr'>et</span> <span class='ocrx_word' id='word_1_257' title='bbox 1506 2289 1623 2324; x_wconf 84' lang='lat' dir='ltr'>altero</span> <span class='ocrx_word' id='word_1_258' title='bbox 1651 2289 1698 2324; x_wconf 75' lang='lat' dir='ltr'>ad</span> 
     </span>
     <span class='ocr_line' id='line_1_30' title="bbox 247 2342 1700 2392; baseline 0.004 -15"><span class='ocrx_word' id='word_1_259' title='bbox 247 2354 395 2378; x_wconf 89' lang='lat' dir='ltr'>crucem</span> <span class='ocrx_word' id='word_1_260' title='bbox 412 2342 491 2379; x_wconf 90' lang='lat' dir='ltr'>divi</span> <span class='ocrx_word' id='word_1_261' title='bbox 509 2343 615 2379; x_wconf 87' lang='lat' dir='ltr'>Pauli</span> <span class='ocrx_word' id='word_1_262' title='bbox 632 2345 794 2381; x_wconf 87' lang='lat' dir='ltr'>sufficiat</span> <span class='ocrx_word' id='word_1_263' title='bbox 810 2346 845 2381; x_wconf 95' lang='lat' dir='ltr'>ei</span> <span class='ocrx_word' id='word_1_264' title='bbox 863 2357 929 2392; x_wconf 87' lang='lat' dir='ltr'>pro</span> <span class='ocrx_word' id='word_1_265' title='bbox 946 2346 1143 2392; x_wconf 85' lang='lat' dir='ltr'>completis</span> <span class='ocrx_word' id='word_1_266' title='bbox 1160 2346 1279 2381; x_wconf 79' lang='lat' dir='ltr'>forma</span> <span class='ocrx_word' id='word_1_267' title='bbox 1295 2350 1334 2382; x_wconf 92' lang='lat' dir='ltr'>et</span> <span class='ocrx_word' id='word_1_268' title='bbox 1350 2347 1467 2392; x_wconf 86' lang='lat' dir='ltr'>gradu</span> <span class='ocrx_word' id='word_1_269' title='bbox 1483 2347 1700 2383; x_wconf 82' lang='lat' dir='ltr'>doctoratus</span> 
     </span>
     <span class='ocr_line' id='line_1_31' title="bbox 247 2400 1699 2450; baseline 0.004 -14"><span class='ocrx_word' id='word_1_270' title='bbox 247 2400 285 2436; x_wconf 91' lang='lat' dir='ltr'>in</span> <span class='ocrx_word' id='word_1_271' title='bbox 297 2401 426 2437; x_wconf 89' lang='lat' dir='ltr'>eadem</span> <span class='ocrx_word' id='word_1_272' title='bbox 440 2402 619 2438; x_wconf 81' lang='lat' dir='ltr'>facultate</span> <span class='ocrx_word' id='word_1_273' title='bbox 666 2403 727 2439; x_wconf 91' lang='lat' dir='ltr'>Ita</span> <span class='ocrx_word' id='word_1_274' title='bbox 739 2404 839 2450; x_wconf 91' lang='lat' dir='ltr'>quod</span> <span class='ocrx_word' id='word_1_275' title='bbox 853 2408 1002 2450; x_wconf 86' lang='lat' dir='ltr'>recepto</span> <span class='ocrx_word' id='word_1_276' title='bbox 1017 2405 1228 2440; x_wconf 85' lang='lat' dir='ltr'>iuramento</span> <span class='ocrx_word' id='word_1_277' title='bbox 1238 2405 1289 2440; x_wconf 88' lang='lat' dir='ltr'>sit</span> <span class='ocrx_word' id='word_1_278' title='bbox 1301 2410 1389 2441; x_wconf 88' lang='lat' dir='ltr'>actu</span> <span class='ocrx_word' id='word_1_279' title='bbox 1401 2406 1531 2442; x_wconf 90' lang='lat' dir='ltr'>doctor</span> <span class='ocrx_word' id='word_1_280' title='bbox 1543 2407 1699 2442; x_wconf 86' lang='lat' dir='ltr'>statutis</span> 
     </span>
     <span class='ocr_line' id='line_1_32' title="bbox 247 2460 1698 2501; baseline 0.004 -6"><span class='ocrx_word' id='word_1_281' title='bbox 247 2463 315 2495; x_wconf 91' lang='lat' dir='ltr'>aut</span> <span class='ocrx_word' id='word_1_282' title='bbox 342 2460 677 2497; x_wconf 86' lang='lat' dir='ltr'>consuetudinibus</span> <span class='ocrx_word' id='word_1_283' title='bbox 705 2462 816 2497; x_wconf 87' lang='lat' dir='ltr'>istius</span> <span class='ocrx_word' id='word_1_284' title='bbox 845 2462 1105 2498; x_wconf 86' lang='lat' dir='ltr'>vniuersitatis</span> <span class='ocrx_word' id='word_1_285' title='bbox 1129 2475 1203 2499; x_wconf 92' lang='lat' dir='ltr'>non</span> <span class='ocrx_word' id='word_1_286' title='bbox 1229 2464 1470 2500; x_wconf 80' lang='lat' dir='ltr'>obstantibus</span> <span class='ocrx_word' id='word_1_287' title='bbox 1493 2466 1547 2500; x_wconf 86' lang='lat' dir='ltr'>sic</span> <span class='ocrx_word' id='word_1_288' title='bbox 1572 2470 1698 2501; x_wconf 86' lang='lat' dir='ltr'>tamen</span> 
     </span>
    </p>
   </div>
   <div class='ocr_carea' id='block_1_8' title="bbox 248 2517 1698 2614">
    <p class='ocr_par' dir='ltr' id='par_1_9' title="bbox 248 2517 1698 2614">
     <span class='ocr_line' id='line_1_33' title="bbox 248 2517 1698 2570; baseline 0.004 -16"><span class='ocrx_word' id='word_1_289' title='bbox 248 2517 347 2565; x_wconf 88' lang='lat' dir='ltr'>quod</span> <span class='ocrx_word' id='word_1_290' title='bbox 361 2519 569 2556; x_wconf 82' lang='lat' dir='ltr'>satisfaciat</span> <span class='ocrx_word' id='word_1_291' title='bbox 580 2520 766 2556; x_wconf 89' lang='lat' dir='ltr'>officiariis</span> <span class='ocrx_word' id='word_1_292' title='bbox 795 2520 996 2557; x_wconf 89' lang='lat' dir='ltr'>Admissus</span> <span class='ocrx_word' id='word_1_293' title='bbox 1008 2521 1138 2558; x_wconf 89' lang='lat' dir='ltr'>eodem</span> <span class='ocrx_word' id='word_1_294' title='bbox 1173 2523 1416 2559; x_wconf 87' lang='lat' dir='ltr'>Presentatus</span> <span class='ocrx_word' id='word_1_295' title='bbox 1432 2536 1498 2570; x_wconf 87' lang='lat' dir='ltr'>per</span> <span class='ocrx_word' id='word_1_296' title='bbox 1510 2524 1698 2560; x_wconf 88' lang='lat' dir='ltr'>doctorem</span> 
     </span>
     <span class='ocr_line' id='line_1_34' title="bbox 250 2578 367 2614; baseline 0.009 -1"><span class='ocrx_word' id='word_1_297' title='bbox 250 2578 367 2614; x_wconf 85' lang='lat' dir='ltr'>Perne</span> 
     </span>
    </p>
   </div>
   <div class='ocr_carea' id='block_1_9' title="bbox 155 2636 1705 2920">
    <p class='ocr_par' dir='ltr' id='par_1_10' title="bbox 155 2636 1705 2920">
     <span class='ocr_line' id='line_1_35' title="bbox 155 2636 1698 2690; baseline 0.005 -18"><span class='ocrx_word' id='word_1_298' title='bbox 155 2636 380 2673; x_wconf 88' lang='lat' dir='ltr'>Conceditur</span> <span class='ocrx_word' id='word_1_299' title='bbox 401 2637 532 2684; x_wconf 80' lang='lat' dir='ltr'>xxviij⁰</span> <span class='ocrx_word' id='word_1_300' title='bbox 556 2638 728 2674; x_wconf 88' lang='lat' dir='ltr'>Januarii</span> <span class='ocrx_word' id='word_1_301' title='bbox 751 2639 932 2685; x_wconf 90' lang='lat' dir='ltr'>magistro</span> <span class='ocrx_word' id='word_1_302' title='bbox 953 2639 1144 2676; x_wconf 89' lang='lat' dir='ltr'>Leonardo</span> <span class='ocrx_word' id='word_1_303' title='bbox 1167 2641 1382 2688; x_wconf 84' lang='lat' dir='ltr'>Pylkynton</span> <span class='ocrx_word' id='word_1_304' title='bbox 1403 2645 1445 2677; x_wconf 89' lang='lat' dir='ltr'>vt</span> <span class='ocrx_word' id='word_1_305' title='bbox 1465 2642 1635 2678; x_wconf 90' lang='lat' dir='ltr'>studium</span> <span class='ocrx_word' id='word_1_306' title='bbox 1659 2643 1698 2690; x_wconf 86' lang='lat' dir='ltr'>iij</span> 
     </span>
     <span class='ocr_line' id='line_1_36' title="bbox 249 2697 1699 2748; baseline 0.004 -17"><span class='ocrx_word' id='word_1_307' title='bbox 249 2708 431 2732; x_wconf 87' lang='lat' dir='ltr'>annorum</span> <span class='ocrx_word' id='word_1_308' title='bbox 449 2697 489 2732; x_wconf 93' lang='lat' dir='ltr'>in</span> <span class='ocrx_word' id='word_1_309' title='bbox 508 2697 695 2744; x_wconf 86' lang='lat' dir='ltr'>theologia</span> <span class='ocrx_word' id='word_1_310' title='bbox 717 2700 804 2744; x_wconf 88' lang='lat' dir='ltr'>post</span> <span class='ocrx_word' id='word_1_311' title='bbox 826 2697 984 2744; x_wconf 88' lang='lat' dir='ltr'>gradum</span> <span class='ocrx_word' id='word_1_312' title='bbox 1004 2698 1242 2735; x_wconf 87' lang='lat' dir='ltr'>bachalaurei</span> <span class='ocrx_word' id='word_1_313' title='bbox 1265 2700 1305 2735; x_wconf 91' lang='lat' dir='ltr'>in</span> <span class='ocrx_word' id='word_1_314' title='bbox 1328 2701 1457 2736; x_wconf 81' lang='lat' dir='ltr'>eadem</span> <span class='ocrx_word' id='word_1_315' title='bbox 1482 2705 1699 2748; x_wconf 85' lang='lat' dir='ltr'>susceptum</span> 
     </span>
     <span class='ocr_line' id='line_1_37' title="bbox 249 2755 1705 2806; baseline 0.004 -16"><span class='ocrx_word' id='word_1_316' title='bbox 249 2766 334 2790; x_wconf 87' lang='lat' dir='ltr'>cum</span> <span class='ocrx_word' id='word_1_317' title='bbox 351 2755 650 2802; x_wconf 89' lang='lat' dir='ltr'>oppositionibus</span> <span class='ocrx_word' id='word_1_318' title='bbox 669 2756 975 2803; x_wconf 86' lang='lat' dir='ltr'>responsionibus</span> <span class='ocrx_word' id='word_1_319' title='bbox 999 2757 1236 2793; x_wconf 87' lang='lat' dir='ltr'>sermonibus</span> <span class='ocrx_word' id='word_1_320' title='bbox 1258 2763 1297 2793; x_wconf 93' lang='lat' dir='ltr'>et</span> <span class='ocrx_word' id='word_1_321' title='bbox 1318 2759 1403 2794; x_wconf 86' lang='lat' dir='ltr'>aliis</span> <span class='ocrx_word' id='word_1_322' title='bbox 1426 2760 1612 2795; x_wconf 83' lang='lat' dir='ltr'>exercitiis</span> <span class='ocrx_word' id='word_1_323' title='bbox 1635 2772 1705 2806; x_wconf 87' lang='lat' dir='ltr'>per</span> 
     </span>
     <span class='ocr_line' id='line_1_38' title="bbox 249 2815 1699 2863; baseline 0.003 -13"><span class='ocrx_word' id='word_1_324' title='bbox 249 2817 394 2850; x_wconf 85' lang='lat' dir='ltr'>statuta</span> <span class='ocrx_word' id='word_1_325' title='bbox 407 2815 507 2861; x_wconf 88' lang='lat' dir='ltr'>regia</span> <span class='ocrx_word' id='word_1_326' title='bbox 519 2815 711 2861; x_wconf 84' lang='lat' dir='ltr'>requisitis</span> <span class='ocrx_word' id='word_1_327' title='bbox 724 2815 958 2862; x_wconf 83' lang='lat' dir='ltr'>perficiendis</span> <span class='ocrx_word' id='word_1_328' title='bbox 971 2815 1070 2851; x_wconf 86' lang='lat' dir='ltr'>infra</span> <span class='ocrx_word' id='word_1_329' title='bbox 1085 2827 1227 2852; x_wconf 84' lang='lat' dir='ltr'>annum</span> <span class='ocrx_word' id='word_1_330' title='bbox 1242 2820 1328 2863; x_wconf 91' lang='lat' dir='ltr'>post</span> <span class='ocrx_word' id='word_1_331' title='bbox 1341 2818 1421 2853; x_wconf 90' lang='lat' dir='ltr'>eius</span> <span class='ocrx_word' id='word_1_332' title='bbox 1434 2818 1699 2855; x_wconf 87' lang='lat' dir='ltr'>admissionem</span> 
     </span>
     <span class='ocr_line' id='line_1_39' title="bbox 249 2871 1701 2920; baseline 0.004 -13"><span class='ocrx_word' id='word_1_333' title='bbox 249 2871 321 2907; x_wconf 87' lang='lat' dir='ltr'>sub</span> <span class='ocrx_word' id='word_1_334' title='bbox 347 2884 442 2918; x_wconf 85' lang='lat' dir='ltr'>pena</span> <span class='ocrx_word' id='word_1_335' title='bbox 465 2872 524 2919; x_wconf 71' lang='lat' dir='ltr'>vj¹1</span> <span class='ocrx_word' id='word_1_336' title='bbox 543 2873 716 2919; x_wconf 87' lang='lat' dir='ltr'>ponenda</span> <span class='ocrx_word' id='word_1_337' title='bbox 735 2874 773 2908; x_wconf 93' lang='lat' dir='ltr'>in</span> <span class='ocrx_word' id='word_1_338' title='bbox 794 2873 970 2909; x_wconf 84' lang='lat' dir='ltr'>manibus</span> <span class='ocrx_word' id='word_1_339' title='bbox 990 2878 1273 2920; x_wconf 87' lang='lat' dir='ltr'>procuratorum</span> <span class='ocrx_word' id='word_1_340' title='bbox 1294 2878 1383 2914; x_wconf 78' lang='lat' dir='ltr'>ante</span> <span class='ocrx_word' id='word_1_341' title='bbox 1405 2876 1486 2914; x_wconf 79' lang='lat' dir='ltr'>eius</span> <span class='ocrx_word' id='word_1_342' title='bbox 1507 2877 1701 2914; x_wconf 87' lang='lat' dir='ltr'>admissio-</span> 
     </span>
    </p>
   </div>
   <div class='ocr_carea' id='block_1_10' title="bbox 261 2954 1590 2992">
    <p class='ocr_par' dir='ltr' id='par_1_11' title="bbox 261 2954 1590 2992">
     <span class='ocr_line' id='line_1_40' title="bbox 261 2954 1590 2992; baseline 0.005 -6"><span class='ocrx_word' id='word_1_343' title='bbox 261 2958 295 2986; x_wconf 76' lang='lat'>1..</span> <span class='ocrx_word' id='word_1_344' title='bbox 317 2959 370 2988; x_wconf 82' lang='lat' dir='ltr'>lv.</span> <span class='ocrx_word' id='word_1_345' title='bbox 1542 2954 1590 2992; x_wconf 82' lang='lat'>12</span> 
     </span>
    </p>
   </div>
   <div class='ocr_carea' id='block_1_11' title="bbox 0 1043 28 3216">
    <p class='ocr_par' dir='ltr' id='par_1_12' title="bbox 0 1043 28 3216">
     <span class='ocr_line' id='line_1_41' title="bbox 0 1043 28 3216; baseline 0 0"><span class='ocrx_word' id='word_1_346' title='bbox 0 1043 28 3216; x_wconf 95' lang='lat' dir='ltr'> </span> 
     </span>
    </p>
   </div>
  </div>
 </body>
</html>
