2008 3294
165 2132 195 2174 f.
223 2134 334 2172 1422

362 192 448 237 370
943 202 1093 235 GRAOE
1122 203 1247 234 Boon
1279 202 1309 234 Δ
1689 194 1911 250 [1582-83

455 308 562 343 muni
590 306 774 353 sigillatas
823 307 965 343 Eadem
990 307 1113 354 gratia
1137 307 1354 343 conceditur
1378 310 1417 343 2⁰
1442 307 1571 344 Martii
1595 309 1774 355 magistro
1798 309 1908 356 Bapt.

454 366 567 402 Trott
613 369 636 402 4
653 366 745 402 Maii
761 366 785 402 J
788 378 819 402 0.
839 365 926 402 Sled
942 365 982 401 in
1000 364 1147 401 artibus
1169 365 1349 412 magistro
1402 366 1536 402 vltimo
1553 367 1645 403 Maii
1662 367 1754 404 Tho.
1773 367 1908 403 Dicon·

453 436 521 460 son
538 424 578 460 in
594 424 741 460 artibus
757 424 938 470 magistro
954 427 994 459 et
1011 425 1032 461 7
1051 423 1270 459 Decembris
1288 423 1466 470 magistro
1484 424 1586 462 Edw.
1605 425 1779 473 Radclyff
1790 429 1833 462 vt
1854 425 1909 461 illi

454 482 494 517 in
519 482 733 529 peregrinas
759 482 927 528 regiones
955 481 1057 517 ituro
1082 481 1194 517 liceat
1216 481 1354 517 habere
1381 481 1511 518 literas
1538 485 1683 519 vestras
1708 483 1845 530 gradus
1871 486 1910 520 et

453 541 748 577 conversacionis
764 552 831 577 sue
847 552 959 588 super
975 540 1045 576 hac
1062 543 1186 577 vestra
1203 541 1440 577 concessione
1456 541 1638 588 sigillatas
1650 542 1771 590 sigillo
1784 544 1909 578 vestro

453 611 644 636 commum

358 658 585 694 Conceditur
601 661 622 696 7
641 658 857 694 Decembris
879 661 922 694 vt
943 658 1092 694 articuli
1115 658 1226 695 modo
1247 659 1335 695 lecti
1359 671 1472 706 super
1493 660 1663 696 custodia
1685 660 1910 697 bibliothece

453 720 587 753 vestrae
604 721 730 754 vestra
746 717 973 754 auctoritate
989 716 1247 764 approbentur
1262 721 1302 753 ct
1318 729 1385 764 pro
1402 718 1495 754 ratis
1511 718 1722 755 habeantur

359 775 586 812 Conceditur
612 779 657 812 16
684 776 902 813 Decembris
927 780 970 812 vt
994 777 1102 813 litere
1127 776 1238 812 modo
1262 776 1358 813 lecte
1383 777 1541 823 (scilicet
1564 777 1612 814 ad
1638 778 1844 815 Heroinam
1862 780 1907 825 (2)

454 834 594 880 Bacon)
619 835 831 882 sigillentur
854 835 976 882 sigillo
1000 838 1126 871 vestro
1150 835 1341 871 communi

358 893 584 929 Conceditur
603 897 646 929 13
663 894 806 941 Aprilis
823 899 866 930 vt
886 895 994 930 litere
1015 897 1238 930 atturnatus
1259 893 1370 930 modo
1391 893 1487 929 lecte
1510 893 1699 941 (videlicet
1721 907 1788 942 pro
1807 897 1905 943 capi-

451 952 549 987 enda
570 953 802 999 possessione
821 952 1018 989 cuiusdam
1037 952 1172 988 domus
1192 952 1231 987 in
1255 952 1432 998 parochia
1448 952 1526 988 divi
1543 953 1693 989 Andree
1715 954 1754 989 in
1771 954 1906 990 Cante-

451 1009 585 1056 brigia)
602 1014 727 1047 vestro
742 1023 926 1048 consensu
942 1011 1149 1058 probentur
1165 1014 1204 1047 et
1220 1011 1411 1047 communi
1425 1015 1550 1047 vestro
1562 1012 1683 1058 sigillo
1695 1013 1906 1059 sigillentur

357 1069 585 1106 Conceditur
613 1073 651 1106 2⁰
680 1071 808 1107 Martii
870 1071 996 1116 Quum
1025 1070 1251 1107 reuerendus
1280 1070 1319 1106 in
1349 1070 1501 1107 Christo
1529 1074 1638 1118 pater
1664 1074 1704 1108 et
1732 1071 1907 1109 dominus

450 1129 626 1165 dominus
651 1129 709 1166 Jo.
735 1131 944 1178 Episcopus
966 1130 1223 1177 vigorniensis
1248 1141 1396 1166 summo
1418 1130 1544 1167 studio
1563 1143 1587 1167 a
1606 1130 1712 1167 vobis
1736 1134 1843 1178 petat
1864 1136 1906 1168 vt

450 1186 562 1222 liceat
589 1190 716 1223 vestra
743 1187 842 1223 bona
870 1199 956 1224 cum
987 1187 1095 1224 venia
1120 1193 1254 1223 mutuo
1277 1187 1444 1234 accipere
1469 1198 1608 1224 novum
1634 1192 1905 1225 testamentum

449 1257 599 1291 grecum
617 1247 707 1293 (quo
724 1246 817 1283 illud
834 1245 1037 1292 describat)
1054 1245 1155 1293 quod
1172 1257 1292 1292 nuper
1309 1245 1543 1282 venerandus
1559 1249 1668 1293 pater
1689 1247 1906 1284 Theodorus

451 1305 546 1340 Besa
573 1305 672 1341 dono
699 1305 806 1342 dedit
833 1306 1022 1342 academie
1050 1306 1174 1353 placet
1198 1305 1304 1341 vobis
1329 1310 1371 1341 vt
1395 1305 1572 1342 dominus
1595 1306 1906 1354 procancellarius

449 1363 649 1400 modernus
680 1365 761 1400 eius
790 1365 829 1400 in
858 1364 928 1400 hoc
957 1365 1105 1411 negotio
1138 1364 1295 1399 nuntius
1323 1363 1430 1400 illum
1460 1363 1599 1400 librum
1628 1377 1649 1401 e
1677 1364 1904 1403 bibliotheca

448 1427 573 1459 vestra
601 1423 711 1459 tollat
734 1427 778 1459 vt
801 1423 1036 1459 describatur
1059 1435 1104 1459 ea
1128 1422 1341 1459 conditione
1366 1426 1408 1458 vt
1433 1422 1601 1469 prefatus
1625 1422 1720 1459 liber
1743 1435 1817 1460 non
1842 1424 1903 1461 de-

448 1486 620 1529 portetur
641 1486 747 1518 extra
765 1481 949 1529 oppidum
972 1481 1211 1528 Cantebrigie
1235 1481 1300 1517 sed
1324 1481 1452 1517 salvus
1473 1484 1513 1517 et
1535 1481 1680 1528 integer
1701 1487 1905 1529 reponatur

448 1541 486 1577 in
509 1540 736 1577 bibliotheca
759 1545 883 1577 vestra
904 1543 993 1577 ante
1014 1541 1155 1577 festum
1176 1540 1298 1576 sancti
1322 1539 1517 1576 Michaelis
1543 1540 1755 1588 archangeli
1781 1542 1902 1589 proxi-

449 1612 553 1636 mum
586 1601 758 1636 futurum
790 1599 862 1636 sub
892 1612 989 1647 pena
1023 1599 1060 1635 xl
1070 1599 1097 1636 li
1133 1599 1262 1647 legalis
1291 1603 1441 1636 monete
1472 1599 1609 1646 Auglie
1640 1600 1902 1638 solvendarum

447 1660 676 1696 Cancellario
693 1659 885 1706 magistris
900 1663 939 1695 et
956 1658 1189 1695 scholaribus
1212 1658 1312 1695 dicte
1328 1658 1587 1695 vniuersitatis
1604 1662 1643 1695 et
1658 1659 1901 1697 levandarum

446 1719 492 1755 de
510 1719 617 1755 bonis
633 1718 726 1756 dicti
746 1718 1025 1766 procancellarii
1042 1718 1090 1755 ad
1108 1718 1254 1755 dictum
1274 1719 1414 1755 festum
1433 1718 1555 1754 sancti
1581 1718 1775 1756 Michaelis
1796 1720 1901 1756 arch-

445 1778 566 1824 angeli
584 1778 616 1813 si
634 1777 800 1813 conditio
817 1777 1000 1824 premissa
1016 1789 1061 1813 ex
1078 1777 1182 1813 omui
1200 1780 1307 1824 parte
1324 1789 1399 1813 non
1415 1780 1657 1813 conservetur

351 1835 579 1873 Conceditur
607 1839 651 1872 13
678 1836 807 1872 Martii
857 1836 952 1872 Cum
979 1836 1138 1871 statutis
1167 1835 1305 1872 nostris
1331 1839 1486 1872 cautum
1513 1835 1565 1872 sit
1594 1847 1640 1872 ne
1666 1841 1791 1873 orator
1817 1837 1902 1884 plus

446 1895 569 1931 tribus
586 1894 779 1932 mensibus
795 1894 844 1931 ab
859 1894 1051 1931 academia
1067 1895 1225 1942 singulis
1241 1895 1351 1931 annis
1368 1894 1497 1931 abesse
1514 1895 1624 1931 liceat
1648 1896 1719 1932 nisi
1742 1896 1900 1934 vberiori

446 1954 554 1990 venia
569 1966 593 1990 a
609 1953 714 1990 vobis
730 1954 934 2000 impetrata
954 1953 1100 2001 placeat
1122 1953 1227 1989 vobis
1250 1956 1293 1989 vt
1316 1954 1495 2000 magistro
1519 1954 1738 2001 Wingefield
1761 1956 1900 1992 oratori

446 2016 570 2050 vestro
598 2012 831 2060 gravioribus
860 2012 1022 2059 negociis
1045 2013 1210 2049 exterius
1234 2012 1410 2060 deinceps
1435 2013 1662 2060 implicando
1687 2026 1802 2061 quam
1827 2027 1901 2062 que

446 2075 524 2106 tam
547 2070 718 2116 angustis
737 2068 923 2106 limitibus
947 2072 1047 2105 recte
1069 2067 1325 2105 administrari
1345 2068 1492 2115 possint
1508 2068 1627 2105 laxior
1642 2068 1815 2106 absentia
1832 2071 1901 2107 hoc

444 2142 544 2166 anno
564 2141 682 2177 vsque
699 2128 747 2165 ad
765 2129 904 2165 festum
927 2129 1097 2165 omnium
1119 2130 1335 2164 sanctorum
1357 2128 1570 2175 proximum
1594 2129 1766 2166 futurum
1789 2142 1902 2178 super

446 2189 515 2225 hac
531 2188 766 2225 concessione
789 2192 912 2224 vestra
935 2187 1180 2235 permittatur
1201 2186 1251 2223 ad
1273 2186 1456 2233 placitum
1481 2187 1758 2234 procaucellarii
1781 2189 1835 2225 sic
1859 2192 1900 2226 vt

443 2248 740 2295 quotiescunque
755 2247 969 2284 discesserit
985 2246 1238 2284 substitutum
1261 2245 1437 2283 idoneum
1459 2246 1647 2294 relinquat
1669 2259 1793 2284 coram
1818 2260 1899 2295 pro-

443 2306 662 2343 cancellario

349 2365 576 2402 Conceditur
592 2367 631 2402 3⁰
645 2365 735 2402 Maii
749 2369 791 2402 vt
809 2365 986 2412 magister
1002 2364 1166 2401 Thomas
1183 2363 1236 2400 sit
1253 2375 1349 2400 vuus
1365 2376 1410 2400 ex
1428 2362 1550 2401 tribus
1567 2364 1702 2401 vestris
1719 2364 1899 2402 librorum

444 2423 730 2472 impressoribus
745 2436 831 2461 cum
849 2423 1023 2460 omnibus
1041 2423 1244 2471 privilegiis
1260 2422 1413 2460 eiisdem
1433 2423 1718 2470 impressoribus
1733 2424 1898 2471 assigna-

443 2483 494 2519 tis
521 2487 561 2520 et
585 2494 699 2531 super
723 2482 792 2519 hac
818 2486 943 2519 vestra
967 2482 1204 2519 concessione
1229 2482 1357 2518 literas
1383 2485 1527 2518 vestras
1552 2481 1690 2518 habeat
1713 2483 1898 2530 sigillatas

441 2541 563 2589 sigillo
586 2545 710 2578 vestro
732 2541 922 2578 communi
945 2553 989 2578 ea
1012 2544 1138 2577 tamen
1162 2540 1376 2578 conditione
1396 2543 1437 2577 vt
1458 2544 1662 2588 antequam
1685 2541 1752 2578 hoc
1773 2545 1897 2579 vestro

443 2600 635 2649 privilegio
656 2599 819 2646 gaudeat
841 2599 1027 2647 obligetur
1043 2599 1090 2636 ad
1109 2599 1192 2636 illas
1208 2599 1442 2636 conditiones
1457 2599 1637 2636 articulos
1654 2604 1693 2636 et
1711 2600 1807 2647 loges
1823 2612 1897 2648 que

443 2658 647 2708 prenobilis
665 2663 792 2696 noster
808 2658 1062 2696 Cancellarius
1080 2658 1404 2695 vicecancellarius
1420 2660 1460 2694 et
1476 2658 1596 2694 maior
1612 2669 1699 2705 pars
1716 2658 1895 2707 prefecto—

442 2731 525 2756 rum
543 2718 783 2765 collegiorum
801 2718 839 2755 in
857 2718 1009 2766 scriptis
1027 2716 1235 2754 indentatis
1251 2716 1502 2764 assignabunt

346 2777 573 2814 Conceditur
590 2780 635 2814 215
656 2777 744 2814 Maii
764 2781 805 2813 vt
822 2776 990 2824 magistri
1008 2775 1179 2812 doctores
1196 2774 1301 2812 Goed
1326 2775 1456 2811 Barow
1473 2779 1512 2811 ct
1529 2774 1651 2822 Amye
1668 2775 1851 2812 nominati
1874 2788 1897 2812 a

438 2840 583 2884 septem
602 2835 692 2873 viris
707 2834 914 2872 secundum
931 2836 1080 2871 statuta
1096 2833 1176 2870 sint
1194 2832 1335 2870 iudices
1351 2832 1510 2881 delegati
1536 2833 1573 2870 in
1597 2844 1711 2870 causa
1734 2834 1895 2882 appella·

440 2895 558 2934 cionis
574 2894 665 2933 Tho.
688 2894 837 2943 Lorkyn
855 2892 1039 2932 medicine
1055 2891 1219 2930 doctoris
