2008 3216
334 167 419 208 180
916 175 1067 207 GRAeE
1098 175 1222 206 BOOK
1252 175 1282 205 Δ
1660 163 1883 218 [1563-64

579 514 741 557 Gratiae
771 513 890 556 varie
919 513 1083 555 nullam
1117 513 1298 554 formam
1330 518 1641 555 concernentes

336 650 563 686 Conceditur
578 657 618 686 x⁰
634 651 810 687 Octobris
824 654 867 687 vt
881 651 1067 687 terminus
1083 654 1238 698 propter
1259 653 1404 687 metum
1427 651 1546 698 pestis
1568 649 1779 698 ingruentis
1800 660 1884 696 pro·

431 714 581 756 rogetur
597 699 714 758 vsque
729 711 778 747 ad
795 711 934 746 festum
951 710 1122 746 omnium
1137 711 1355 745 sanctorum
1372 709 1585 756 proximum
1601 709 1771 744 futurum
1789 710 1828 743 et
1845 709 1888 755 vt

431 768 708 815 disputationes
730 770 996 816 magistrorum
1019 768 1173 804 interim
1195 768 1316 804 fiende
1338 771 1523 814 tanquam
1545 768 1644 803 facte
1665 768 1889 803 censeantur

432 830 513 862 tam
537 827 585 863 ad
610 829 809 874 magistros
833 827 1089 874 disputatores
1118 839 1233 874 quam
1262 826 1387 873 quoad
1413 826 1578 862 bedellos
1607 826 1661 862 sic
1688 828 1817 861 tamen
1846 827 1889 860 vt

432 897 569 931 inagna
596 886 833 933 congregatio
862 885 1085 922 celebranda
1109 885 1170 921 die
1194 885 1354 922 Veneris
1378 888 1468 921 ante
1492 886 1633 921 festum
1657 884 1822 920 Simonis
1849 885 1889 919 et

432 943 455 979 J
459 943 531 979 ude
547 943 764 980 observetur
785 957 851 992 per
872 945 1068 981 dominum
1089 945 1420 992 procancellarium
1437 947 1476 980 et
1494 944 1695 991 magistros
1718 945 1889 990 regentes

434 1006 473 1038 et
489 1015 565 1039 non
582 1009 754 1050 regentes
769 1005 871 1041 domi
889 1008 982 1040 tunc
998 1009 1191 1052 presentes

340 1062 568 1099 Conceditur
584 1076 608 1099 v
625 1064 850 1100 Novembris
867 1064 1045 1110 magistro
1056 1064 1080 1100 J
1083 1076 1113 1100 o.
1130 1064 1284 1111 Bungey
1298 1066 1340 1099 vt
1356 1063 1408 1099 sit
1420 1074 1517 1099 vnus
1533 1074 1578 1098 ex
1595 1060 1890 1110 predicatoribus

435 1122 506 1157 hoc
524 1135 624 1159 anno
643 1135 711 1170 per
729 1123 960 1160 academiam
981 1123 1202 1159 emittendis
1221 1126 1260 1159 et
1280 1134 1393 1169 super
1415 1123 1486 1158 hac
1508 1122 1744 1158 concessione
1765 1123 1890 1157 vestra

436 1179 564 1216 literas
580 1180 718 1216 habeat
733 1181 914 1228 sigillatas
931 1181 1052 1228 sigillo
1068 1184 1194 1217 vestro
1210 1180 1401 1216 communi

343 1238 483 1274 Eadem
501 1240 623 1286 gratia
646 1240 864 1276 conceditur
885 1240 1015 1276 eodem
1037 1240 1229 1287 magistris
1252 1239 1358 1276 Geor.
1383 1239 1558 1275 Wethers
1579 1241 1619 1274 et
1640 1238 1697 1275 W.
1723 1238 1829 1274 Hues
1851 1239 1891 1273 et

436 1298 484 1344 vij
504 1298 527 1334 J
531 1298 598 1334 ulii
615 1300 794 1345 magistro
813 1300 867 1336 W.
889 1299 1007 1335 Fulke
1059 1303 1102 1336 19
1121 1299 1213 1335 Maii
1231 1299 1410 1346 magistro
1427 1299 1462 1335 J.
1481 1298 1609 1335 Todde

341 1355 569 1392 Conceditur
584 1357 637 1391 νω
654 1357 878 1393 Novembris
895 1361 938 1394 vt
954 1369 1084 1393 omnes
1097 1357 1245 1404 publice
1258 1357 1438 1393 lectiones
1450 1357 1684 1404 sophismata
1695 1358 1735 1392 et
1746 1355 1890 1403 proble-

437 1419 540 1451 mata
557 1415 596 1451 in
613 1416 751 1452 scholis
768 1416 929 1464 publicis
946 1417 1253 1453 intermittantur
1265 1428 1383 1464 vsque
1398 1416 1447 1453 ad
1463 1417 1674 1464 proximum
1687 1415 1891 1452 terminum

179 1518 207 1556 f.
230 1519 281 1557 78
301 1531 325 1555 a
343 1522 571 1558 Conceditur
586 1522 668 1569 iijt¹⁰
685 1523 910 1560 Novembris
927 1527 970 1560 vt
986 1535 1110 1560 sermo
1127 1523 1176 1559 ad
1192 1523 1333 1559 clerum
1351 1522 1399 1558 ad
1416 1533 1529 1569 quem
1546 1524 1697 1558 tenetur
1713 1522 1892 1568 magister

437 1580 568 1616 doctor
586 1580 736 1617 Neuton
750 1581 871 1628 possit
883 1581 1022 1617 differri
1036 1581 1076 1616 in
1089 1580 1302 1628 proximum
1317 1580 1415 1616 diem
1429 1579 1711 1627 quadragesime
1724 1579 1891 1626 proxime

437 1640 518 1675 sine
534 1639 700 1676 vlteriori
717 1640 898 1677 dilatione
915 1640 986 1677 sub
1003 1652 1099 1688 pena
1116 1641 1253 1683 veteris
1269 1651 1336 1676 sue
1352 1639 1537 1675 cautionis
1554 1639 1711 1686 (peregit
1727 1639 1859 1687 mar-9.)

343 1698 571 1735 Conceditur
600 1699 730 1736 eodem
763 1703 806 1736 vt
838 1700 1032 1747 responsio
1064 1699 1273 1746 theologica
1305 1699 1352 1735 ad
1385 1710 1501 1745 quam
1530 1701 1682 1735 tenetur
1715 1698 1892 1745 magister

441 1757 683 1804 Longeworth
701 1759 822 1806 possit
837 1759 978 1795 differri
997 1759 1036 1795 in
1053 1758 1266 1806 proximum
1280 1757 1484 1794 terminum
1497 1756 1568 1793 sub
1581 1769 1678 1804 pena
1690 1756 1892 1804 superioris

438 1829 505 1853 sue
521 1818 707 1854 cautionis
725 1819 884 1865 <peregit
901 1819 1033 1866 mar-9.)

342 1876 570 1912 Conceditur
597 1877 727 1913 eodem
756 1881 799 1914 vt
827 1878 1019 1927 responsio
1044 1878 1083 1914 in
1110 1877 1296 1914 medicina
1320 1876 1368 1913 ad
1393 1887 1508 1923 quam
1533 1878 1686 1911 tenetur
1715 1874 1893 1921 magister

437 1934 568 1971 doctor
585 1935 656 1971 Lee
673 1936 794 1983 possit
810 1936 950 1973 differri
968 1937 1006 1972 in
1025 1935 1238 1983 proximum
1256 1935 1461 1971 terminum
1478 1933 1550 1970 sub
1571 1945 1669 1981 pena
1690 1932 1892 1980 superioris

437 1994 623 2030 cautionis
647 1996 826 2042 quoniam
857 2009 922 2044 per
948 1996 1090 2032 famam
1115 1995 1322 2043 grassantis
1347 1995 1422 2031 iam
1449 1993 1663 2042 pestilentie
1692 2004 1892 2040 persuasus

438 2056 497 2089 est
514 2053 658 2090 nullum
676 2067 776 2091 nunc
789 2055 977 2092 observari
996 2055 1201 2092 terminum

345 2111 572 2149 Conceditur
598 2113 679 2160 iijt¹⁰
709 2114 933 2151 Novembris
960 2118 1001 2150 vt
1030 2114 1206 2151 dominus
1234 2112 1546 2161 procancellarius
1572 2111 1742 2148 doctores
1771 2110 1893 2147 Baker

440 2171 598 2207 Newton
624 2174 663 2208 et
689 2172 818 2220 Harvy
845 2173 1023 2219 magister
1047 2173 1196 2209 Hutton
1219 2174 1258 2208 et
1279 2171 1422 2207 domini
1446 2173 1704 2218 procuratores
1728 2170 1892 2207 habeant

440 2234 603 2266 vestram
625 2232 890 2268 auctoritatem
913 2232 961 2268 ad
984 2232 1131 2268 firmam
1155 2230 1373 2268 dimittendi
1396 2231 1418 2266 J
1423 2242 1454 2266 0.
1480 2230 1618 2266 Baxter
1641 2241 1708 2277 pro
1732 2230 1891 2266 termino

441 2289 499 2336 xxj
517 2302 701 2327 annorum
719 2294 979 2328 tenementum
996 2290 1236 2328 vniuersitati
1254 2301 1374 2338 nuper
1393 2289 1558 2336 legatum
1581 2301 1647 2336 per
1669 2289 1891 2336 magistrum

439 2346 496 2383 Jo.
517 2347 660 2384 Meeres
686 2360 759 2385 vna
782 2361 868 2386 eum
894 2349 1050 2386 edificiis
1074 2353 1114 2386 et
1137 2349 1258 2385 hortis
1281 2348 1402 2385 eidem
1426 2348 1484 2386 Jo.
1504 2348 1648 2384 Meeres
1670 2359 1737 2395 per
1758 2347 1893 2394 magis-
1944 2390 1950 2397 ‚

440 2410 540 2442 trum
558 2406 581 2443 J
585 2419 617 2444 0.
637 2407 806 2445 Hateher
823 2409 861 2445 in
879 2408 1064 2445 medicina
1080 2408 1270 2445 doctorem
1284 2407 1415 2444 locatis
1428 2409 1467 2443 et
1479 2405 1711 2442 conditiones
1723 2406 1889 2442 eiusdem

437 2464 668 2502 dimissionis
684 2467 897 2515 assignandi
916 2468 970 2504 sio
987 2471 1029 2504 vt
1047 2467 1166 2504 maior
1179 2479 1265 2515 pars
1277 2478 1404 2503 eorum
1418 2465 1630 2502 consentiat
1642 2469 1681 2501 et
1694 2464 1893 2501 indenture

439 2523 526 2560 inde
543 2524 641 2561 facte
658 2525 762 2573 prius
778 2539 903 2564 eoram
922 2527 1028 2564 vobis
1045 2527 1219 2575 legantur
1234 2531 1274 2564 et
1291 2527 1384 2563 lecte
1401 2525 1613 2573 sigillentur
1628 2524 1750 2571 sigillo
1768 2528 1892 2562 vestro

438 2594 628 2620 commum

345 2640 574 2678 Conceditur
596 2642 708 2690 xxviij
732 2643 903 2681 Januarii
929 2649 970 2681 vt
993 2645 1172 2691 magister
1195 2644 1331 2681 Clarke
1355 2642 1495 2690 collegii
1523 2642 1627 2689 Regii
1651 2646 1690 2678 et
1714 2641 1892 2688 magister

445 2699 595 2747 Deryng
610 2701 688 2738 sint
707 2707 832 2740 vestra
846 2704 1073 2741 auctoritate
1090 2704 1363 2741 examinatores
1385 2700 1719 2749 questionistarum
1738 2712 1806 2748 pro
1823 2700 1892 2737 hoe

441 2770 541 2794 anno

347 2816 575 2853 (tonmditur
606 2819 733 2855 micui
770 2824 810 2856 vt
841 2820 1152 2858 determinatores
1177 2820 1323 2868 possint
1348 2818 1570 2866 respondere
1593 2817 1781 2865 questioni
1808 2821 1894 2865 post

443 2875 738 2922 purificationem
758 2877 865 2916 imm
885 2880 1002 2917 Mario
1020 2892 1093 2917 non
1111 2879 1287 2917 obstante
1302 2881 1450 2915 statuto
