2008 3216
120 180 339 236 1551-52]
707 189 859 222 omen
890 189 1014 221 BOOK
1044 188 1072 220 Δ
1611 179 1664 220 81

725 462 778 504 In
810 461 903 504 iure
935 460 1056 503 ciuili

118 580 215 616 Item
247 579 464 616 conceditur
494 579 674 626 magistro
707 579 845 614 Mowse
878 581 920 613 vt
953 589 1087 613 novem
1119 576 1209 612 anni
1243 576 1282 612 in
1316 576 1455 622 quibus
1489 574 1667 611 lectiones

180 653 184 658 ⁷
211 638 418 675 ordinarias
446 637 595 674 audiuit
628 650 714 674 cum
748 636 1048 685 oppositionibus
1080 639 1119 672 et
1145 634 1451 683 responsionibus
1477 646 1544 682 per
1567 633 1667 680 regia

209 699 356 734 statuta
378 697 571 745 requisitis
595 697 783 733 sufficiant
807 696 840 732 ei
866 696 914 732 ad
939 694 1195 743 incipiendum
1220 695 1259 730 in
1285 695 1365 730 iure
1389 693 1493 730 ciuili

118 756 213 792 Item
239 756 456 792 conceditur
479 756 637 792 Griffino
659 756 805 802 Tregan
829 758 872 791 vt
896 754 1067 791 studium
1093 754 1222 791 decem
1248 765 1433 789 annorum
1459 753 1498 788 in
1522 751 1667 798 legibus

211 817 298 862 post
332 815 490 862 gradum
523 815 855 851 bacchalaureatus
887 814 926 850 in
959 813 1090 850 eadem
1122 815 1340 860 susceptum
1373 824 1459 848 cum
1492 810 1667 847 omnibus

211 873 399 910 exercitiis
415 874 521 910 iuxta
537 877 685 910 statuta
701 873 802 920 regia
823 873 1016 920 requisitis
1038 873 1200 908 sufficiat
1222 872 1256 907 ei
1278 871 1327 909 ad
1350 870 1604 918 incipiendum
1627 870 1666 905 in

211 933 340 969 eodem
358 933 438 970 iure

119 991 218 1028 Item
234 990 450 1028 conceditur
465 990 586 1028 eidem
604 990 786 1038 postridie
802 991 1081 1027 commitiorum
1104 989 1268 1025 admisso
1285 988 1333 1024 ad
1354 987 1608 1035 incipiendum
1627 987 1666 1023 in

213 1050 292 1086 iure
324 1049 426 1086 ciuili
456 1053 498 1086 vt
525 1049 644 1097 possit
670 1049 746 1086 iam
778 1049 877 1095 leges
909 1047 1057 1096 publice
1082 1047 1248 1095 profiteri
1275 1049 1314 1082 et
1340 1046 1392 1082 sit
1423 1048 1511 1081 actu
1538 1045 1669 1081 doctor

213 1108 263 1144 Et
280 1107 398 1144 nihilo
414 1107 541 1144 minus
557 1107 737 1155 proximis
753 1106 956 1143 commitiis
973 1106 1165 1142 solleniter
1185 1105 1431 1152 inauguratur
1452 1103 1667 1140 convivium

212 1167 327 1203 faciat
342 1169 382 1203 et
397 1169 521 1203 cetera
536 1166 663 1203 omnia
679 1178 745 1214 per
761 1178 800 1202 se
819 1168 1027 1213 exequatur
1048 1176 1122 1212 que
1146 1164 1272 1210 Regiis
1293 1163 1452 1199 statutis
1467 1161 1516 1198 ab
1538 1162 1668 1199 eodem

212 1229 303 1262 sunt
318 1225 498 1272 exigenda

741 1431 794 1474 In
826 1430 1047 1489 theologia

121 1548 220 1584 Item
236 1546 452 1583 conceditur
468 1544 670 1582 venerabili
688 1546 768 1582 viro
791 1545 971 1592 magistro
990 1545 1107 1581 Peme
1128 1544 1417 1592 procanoellario
1440 1548 1481 1580 vt
1498 1544 1668 1581 studium

213 1610 377 1653 quatuor
392 1617 576 1642 annorum
594 1605 633 1641 in
650 1604 836 1651 theologia.
853 1608 939 1652 post
955 1604 1111 1651 gradum
1130 1604 1462 1640 bacchalaureatus
1483 1604 1521 1639 in
1538 1603 1669 1639 eadem

215 1668 431 1712 susceptum
448 1676 535 1701 cum
551 1663 699 1701 duabus
715 1662 1025 1710 replicacionibus
1037 1663 1144 1699 iuxta
1161 1663 1261 1710 regia
1277 1665 1424 1698 statuta
1440 1662 1515 1698 iam
1529 1661 1671 1698 habitis

214 1736 288 1760 vna
311 1736 398 1760 cum
421 1723 544 1760 tribus
566 1723 802 1760 sermonibus
824 1724 863 1759 in
888 1722 1105 1758 achademie
1129 1722 1271 1769 templo
1296 1734 1370 1758 vno
1392 1722 1439 1758 ad
1465 1722 1605 1758 clerum
1631 1725 1671 1757 et

213 1782 360 1819 duobus
376 1782 424 1818 ad
440 1782 622 1830 populum
639 1782 708 1818 hoc
725 1793 824 1818 anno
846 1782 942 1817 citra
964 1781 1159 1817 commitia
1180 1781 1351 1828 proxima
1367 1780 1529 1816 sufficiat
1545 1781 1579 1816 ei
1603 1792 1670 1828 pro

214 1841 410 1888 completis
438 1840 555 1888 gradu
584 1844 624 1877 et
648 1841 768 1877 forma
792 1840 1010 1877 doctoratus
1041 1840 1079 1876 in
1108 1852 1214 1876 sacra
1242 1840 1429 1887 theologia
1478 1839 1540 1876 Ita
1568 1839 1670 1887 quod

214 1899 326 1936 hodie
351 1899 580 1937 admittatur
603 1900 635 1936 si
660 1899 821 1936 voluerit

747 2105 898 2149 Gratie
929 2105 1046 2148 varie
1689 2118 1716 2157 f.
1742 2119 1793 2157 33
1813 2132 1836 2156 a

124 2222 170 2259 In
193 2221 324 2269 primis
346 2219 563 2256 conceditur
587 2222 629 2255 vt
650 2230 811 2266 expense
833 2219 931 2255 facte
953 2231 1020 2266 per
1040 2219 1231 2255 doctorem
1257 2219 1421 2256 Haddon
1446 2220 1485 2256 in
1511 2219 1672 2267 negociis

216 2279 432 2316 achademie
461 2278 620 2315 Londini
653 2278 802 2314 auocari
836 2278 982 2325 possint
1015 2290 1081 2325 per
1112 2278 1308 2315 dominum
1341 2278 1671 2327 procancellarium

216 2343 255 2377 et
279 2339 469 2376 doctorem
496 2337 631 2386 Blythe

125 2401 220 2437 Item
239 2398 458 2436 conceditur
474 2401 516 2434 vt
532 2397 708 2434 dominus
726 2397 862 2433 Lomas
879 2409 998 2445 nuper
1014 2397 1155 2433 electus
1173 2398 1211 2434 in
1227 2398 1403 2434 vicariam
1419 2398 1466 2434 de
1483 2398 1672 2445 Campsall

217 2458 424 2507 presentari
448 2458 569 2505 possit
590 2468 658 2505 per
681 2469 747 2494 vos
772 2460 811 2493 et
835 2457 916 2493 eius
938 2458 1168 2504 presentatio
1193 2458 1378 2504 sigilletur
1401 2458 1522 2505 sigillo
1548 2462 1672 2495 vestro

217 2529 407 2556 communi

124 2579 222 2615 Item
247 2576 464 2614 conceditur
487 2579 529 2612 vt
553 2575 708 2622 Zigarus
730 2575 766 2611 N
769 2574 935 2610 icholson
984 2575 1074 2611 olim
1099 2576 1298 2624 bibliopola
1322 2577 1434 2613 huius
1457 2577 1673 2614 achademie

217 2649 317 2675 nunc
341 2648 428 2673 vero
451 2635 624 2683 publicus
645 2634 736 2671 zithi
759 2634 948 2671 confector
993 2636 1113 2682 possit
1135 2640 1269 2672 mutuo
1290 2637 1339 2673 ab
1365 2637 1583 2674 achademia
1607 2650 1674 2686 per

217 2697 386 2745 spacium
406 2695 518 2732 vnius
542 2694 632 2730 anni
649 2694 815 2741 accipere
838 2694 1115 2742 quinquaginta
1136 2695 1219 2732 illas
1241 2696 1357 2732 libras
1378 2709 1473 2744 quas
1495 2698 1674 2745 magister

219 2756 321 2793 Mere
337 2754 516 2801 magister
532 2752 655 2800 Fluyd
672 2755 712 2788 et
735 2752 945 2790 Richardus
969 2753 1076 2790 Noke
1092 2754 1140 2790 ad
1162 2755 1302 2791 festum
1325 2755 1348 2791 J
1350 2757 1484 2792 oannis
1502 2755 1673 2804 Baptiste

218 2813 357 2851 debent
380 2811 590 2861 persoluere
641 2811 702 2847 Ita
723 2811 824 2858 quod
847 2811 928 2860 ipse
952 2824 1039 2849 cum
1062 2812 1210 2850 duobus
1235 2813 1515 2851 fideiussoribus
1539 2815 1588 2852 ad
1610 2827 1674 2852 eas

217 2872 432 2911 achademie
449 2870 701 2909 restituendas
717 2870 876 2908 firmiter
891 2870 1076 2919 obligetur

234 2959 266 2987 1..
290 2957 342 2986 lv,
1543 2947 1566 2984 6
