2002 3236
182 147 404 206 154445]
759 159 913 194 caica
941 159 1066 193 soox
1097 160 1128 193 Δ
1674 149 1729 194 27

274 263 439 310 suscepti
461 263 515 299 sic
535 263 636 310 quod
659 264 781 299 solvat
807 264 1045 300 vniuersitati
1068 263 1153 311 xxvj
1166 276 1186 300 s
1209 264 1311 311 viijd
1334 265 1514 312 quoniam
1539 265 1729 302 doctorem

274 323 335 358 cui
350 321 574 368 respondeat
592 321 729 357 habere
745 333 820 358 non
838 325 965 369 potest

181 380 280 416 Item
304 380 521 417 conceditur
544 380 682 416 Joanni
708 381 833 416 Raner
854 384 897 417 vt
921 381 1091 418 studium
1118 384 1138 419 7
1159 393 1344 418 annorum
1370 382 1408 418 in
1433 382 1620 429 theologia
1645 387 1731 429 post

274 440 355 476 eius
380 440 628 476 necessariam
650 440 857 486 regentiam
881 452 968 477 cum
992 440 1140 477 duobus
1164 441 1401 477 sermonibus
1422 453 1497 477 vno
1518 441 1566 478 ad
1589 442 1729 478 clerum

224 494 228 498 ’
273 499 392 535 altero
415 494 474 535 ad'
487 493 636 535 crucem
664 499 769 535 Pauli
797 500 959 536 sufficiat
986 500 1058 536 sibi
1082 500 1130 537 ad
1155 500 1419 548 opponendum
1443 505 1483 538 et
1510 501 1730 538 intrandum

273 558 313 594 in
336 557 522 604 theologia
545 558 600 594 sic
623 558 724 605 quod
745 559 866 606 possit
890 558 1042 595 admitti
1066 559 1115 596 ad
1137 559 1321 607 placitum
1344 564 1451 596 extra
1467 560 1674 596 terminum
1690 565 1731 596 et

273 615 497 663 respondeat
513 619 603 652 ante
618 617 760 653 festum
785 617 926 654 Pasche
950 617 1022 654 sub
1045 630 1143 666 pena
1166 618 1233 654 xls
1257 619 1312 654 ita
1335 622 1464 655 tamen
1489 622 1531 655 vt
1553 619 1730 654 conviuet

273 686 347 710 vna
362 685 449 710 cum
465 675 600 711 ceteris
616 675 729 712 huius
745 676 834 712 anni
852 676 1131 713 becchalaureis

730 940 1042 986 Bacchalaurei
1072 943 1178 986 iuris

177 1051 223 1087 In
249 1052 382 1099 primis
405 1052 623 1089 conceditur
647 1052 830 1089 Edwardo
855 1053 1023 1091 Cantrell
1048 1056 1090 1089 vt
1117 1053 1288 1089 studium
1316 1055 1336 1090 7
1366 1064 1550 1089 annorum
1580 1053 1619 1089 in
1649 1054 1729 1090 iure

269 1110 371 1147 ciuili
388 1110 458 1147 hac
475 1112 515 1148 in
533 1112 779 1148 vniuersitate
794 1112 958 1148 sufficiat
973 1113 1006 1148 ei
1024 1111 1073 1148 ad
1090 1112 1310 1148 intrandum
1328 1112 1367 1148 in
1384 1112 1514 1148 eodem
1532 1113 1612 1148 iure

174 1169 272 1206 Item
289 1170 506 1207 conceditur
520 1171 672 1208 domino
688 1171 876 1207 Willelmo
901 1171 1021 1208 Leche
1038 1175 1080 1208 vt
1101 1183 1166 1208 sex
1184 1183 1371 1208 annorum
1390 1171 1561 1208 studium
1585 1172 1623 1208 in
1647 1172 1727 1208 iure

267 1228 369 1265 ciuili
387 1229 456 1266 hac
473 1230 511 1266 in
529 1230 777 1267 vniuersitate
793 1230 957 1267 sufficiat
972 1231 1007 1267 ei
1024 1230 1072 1267 ad
1091 1230 1310 1267 intrandum
1329 1231 1368 1267 in
1385 1230 1515 1267 eodem
1533 1231 1613 1267 iure

175 1288 274 1324 Item
306 1287 523 1324 conceditur
555 1288 739 1325 Cutberto
768 1289 949 1338 Wytham
983 1293 1026 1326 vt
1058 1290 1229 1327 studium
1262 1302 1326 1326 sex
1359 1302 1545 1326 annorum
1574 1291 1613 1326 in
1646 1291 1726 1327 iure

268 1347 371 1382 ciuili
405 1350 531 1394 preter
563 1358 705 1384 annum
736 1347 775 1383 in
804 1347 874 1383 hac
901 1348 1148 1384 vniuersitate
1176 1348 1340 1384 sufficiat
1366 1348 1401 1384 ei
1430 1348 1477 1384 ad
1507 1349 1726 1386 intrandum

268 1406 307 1441 in
331 1405 462 1442 eodem
487 1406 568 1443 iure

773 1673 842 1716 De
872 1673 1123 1716 doctoribus
1742 1681 1767 1719 f.
1793 1682 1842 1720 12
1859 1682 1885 1720 b

793 1792 847 1835 In
878 1792 1098 1849 theologia

172 1909 219 1946 In
240 1910 374 1957 primis
395 1911 611 1949 conceditur
632 1913 814 1960 magistro
830 1913 1032 1961 Atkynson
1055 1914 1328 1962 vicepreposito
1347 1914 1490 1961 collegii
1514 1914 1662 1961 Regalis
1681 1920 1724 1951 vt

264 1968 435 2006 studium
463 1970 580 2007 trium
604 1982 789 2008 annorum
818 1972 858 2008 in
883 1972 1070 2019 theologia
1094 1977 1180 2020 post
1204 1973 1286 2010 eius
1310 1974 1510 2011 introitum
1539 1975 1579 2011 in
1607 1975 1723 2012 libros

263 2028 537 2065 sententiarum
565 2041 650 2066 cum
673 2029 820 2067 duobus
842 2030 1111 2080 [sermonibus]
1128 2044 1202 2068 vno
1223 2032 1272 2068 ad
1294 2032 1435 2069 clerum
1455 2034 1724 2071 examinatorio

262 2089 352 2122 ante
377 2087 458 2123 eius
485 2087 752 2126 admissionem
781 2090 902 2126 altero
930 2090 978 2126 ad
1007 2102 1155 2128 crucem
1190 2091 1297 2127 Pauli
1326 2091 1489 2128 sufficiat
1516 2092 1551 2128 ei
1583 2092 1632 2129 ad
1666 2093 1721 2129 in-

262 2144 477 2191 cipiendum
501 2146 541 2183 in
565 2147 712 2184 artibus
737 2148 822 2195 (sic)

170 2202 268 2239 Item
290 2204 507 2241 conceditur
529 2205 694 2242 Roberto
719 2207 886 2244 Recondo
919 2211 961 2244 vt
983 2208 1154 2245 studium
1183 2212 1226 2245 12
1251 2221 1436 2245 annorum
1461 2210 1500 2246 in
1525 2209 1721 2247 medicinis

262 2263 463 2308 postquam
488 2262 705 2300 licentiatus
729 2264 843 2301 fuerit
867 2265 916 2302 ad
942 2265 1197 2312 incipiendum
1223 2266 1263 2302 in
1287 2265 1434 2302 artibus
1460 2266 1615 2303 Oxoniis
1642 2269 1718 2304 suf-

260 2320 363 2356 ficiat
388 2321 422 2357 ei
449 2321 495 2358 ad
519 2322 776 2370 incipiendum
799 2323 838 2359 in
866 2323 996 2360 eadem
1026 2324 1207 2360 facultate
1233 2325 1289 2361 ita
1313 2325 1414 2372 quod
1438 2326 1519 2362 eius
1540 2326 1719 2363 admissio

261 2381 338 2415 stet
370 2380 404 2416 ei
437 2392 504 2428 pro
536 2381 734 2429 completis
768 2382 886 2429 gradu
919 2386 959 2418 et
991 2374 1112 2419 forma
1143 2384 1197 2419 sic
1230 2384 1346 2420 ctiam
1379 2388 1422 2420 vt
1453 2388 1543 2421 ante
1577 2385 1720 2422 Pascha

261 2439 443 2486 quasdam
465 2440 742 2488 disputationes
763 2442 811 2478 ad
834 2442 957 2478 instar
977 2443 1255 2479 commitiorum
1278 2444 1317 2479 in
1341 2444 1528 2480 medicina
1547 2444 1719 2482 observet

169 2497 266 2534 Item
295 2497 536 2546 dispensatur
560 2513 647 2537 cum
677 2501 808 2538 eodem
840 2514 909 2549 pro
938 2503 1103 2538 cursoria
1134 2502 1299 2550 quadam
1332 2503 1491 2540 lectione
1522 2504 1571 2540 ad
1602 2516 1717 2552 quam

260 2556 407 2593 racione
431 2557 569 2604 gradus
594 2558 927 2596 bacchalaureatus
950 2560 990 2596 in
1015 2560 1201 2597 medicina
1223 2564 1416 2598 teneretur
1436 2562 1616 2609 quoniam
1641 2563 1717 2598 iam

260 2626 347 2651 cum
369 2615 500 2653 doctor
523 2617 575 2654 sit
598 2618 762 2654 cursorie
785 2618 904 2665 legere
927 2618 1122 2655 commode
1147 2631 1221 2655 non
1250 2623 1377 2666 potest
1405 2632 1473 2656 nec
1498 2620 1537 2657 id
1561 2621 1610 2657 ab
1633 2621 1718 2658 aliis

260 2677 349 2710 ante
373 2685 457 2711 eum
484 2675 700 2712 doctoribus
724 2677 951 2723 requisitum
975 2677 1027 2713 sit
