2046 3224
201 162 420 217 1551-52]
784 171 935 202 casce
966 171 1089 201 soci<
1121 170 1151 201 Δ
1694 159 1747 200 77

295 275 508 312 minaturus
537 278 595 311 est
624 276 662 311 in
692 274 832 321 quibus
860 274 1039 310 lectiones
1067 273 1276 310 ordinarias
1303 273 1452 309 audiuit
1481 285 1546 320 per
1570 273 1749 308 maiorem

296 337 442 381 partem
472 335 511 371 in
541 337 622 370 toto
651 346 725 371 vna
756 345 842 370 cum
876 332 1177 380 oppositionibus
1209 331 1515 380 responsionibus
1547 334 1586 368 et
1617 330 1751 367 ceteris

295 391 482 428 exercitiis
511 403 578 439 per
607 391 708 439 regia
735 393 884 427 statuta
911 391 1105 438 requisitis
1132 390 1222 427 licet
1250 402 1325 427 non
1358 390 1512 427 omnino
1544 389 1750 426 secundum

295 451 455 487 formam
480 451 617 487 statuti
642 450 831 487 sufficiant
855 450 888 487 ei
914 449 963 486 ad
988 449 1289 497 respondendum
1313 449 1502 497 questioni

202 509 343 546 Eadem
361 510 481 556 gratia
497 509 544 546 de
561 509 674 546 verbo
691 509 729 545 in
747 508 904 546 verbum
921 507 1140 544 conceditur
1155 508 1179 544 J
1181 508 1294 544 oanni
1313 508 1544 544 Beaumonte

203 568 302 604 Item
327 567 544 603 conceditur
569 567 734 603 Henrico
759 567 918 603 Gravett
939 568 982 602 vt
1009 569 1054 602 12
1078 566 1230 602 termini
1253 566 1429 613 completi
1454 566 1493 601 in
1518 563 1658 612 quibus
1682 564 1750 600 lec-

297 626 418 662 tiones
443 626 651 662 ordinarias
676 626 825 663 audiuit
850 638 917 673 per
940 626 1119 662 maiorem
1145 628 1291 673 partem
1318 626 1357 662 in
1382 628 1464 661 toto
1491 636 1577 660 cum
1606 623 1752 671 opposi-

296 683 465 721 tionibus
493 689 532 721 et
556 684 860 732 responsionibus
885 684 1076 732 requisitis
1100 684 1290 721 sufficiant
1317 684 1351 721 ei
1381 683 1428 721 ad
1454 682 1753 731 respondendum

296 745 484 791 questioni

203 802 344 839 Eadem
360 802 482 850 gratia.
498 802 544 839 de
561 801 674 838 verbo
697 802 735 839 in
754 802 910 838 verbum
926 801 1144 839 conceditur
1165 802 1333 838 Antonio
1355 802 1534 838 Asshawe
1558 800 1755 836 Francisco

297 861 422 898 Cooke
437 865 477 898 et
495 861 696 898 Persivallo
713 860 897 898 Wiburno

204 920 302 956 Item
326 919 543 956 conceditur
563 919 685 956 eidem
708 919 890 956 Gravetto
912 919 1093 966 superiori
1115 918 1177 956 die
1200 918 1364 955 admisso
1386 919 1434 955 ad
1454 918 1754 966 respondendum

297 980 485 1026 questioni
516 983 559 1015 vt
590 979 711 1027 possit
743 979 818 1015 iam
850 982 939 1015 actu
971 991 1052 1015 esse
1086 978 1375 1015 bacchalaureus
1406 979 1547 1015 artium
1576 978 1755 1025 quoniam

278 1038 649 1082 ‚determinationem
675 1037 884 1085 proximam
909 1038 990 1074 sine
1015 1038 1179 1074 maximo
1203 1050 1272 1074 suo
1302 1037 1537 1074 incommodo
1561 1042 1756 1084 expectare

298 1109 372 1134 non
395 1100 521 1144 potest
542 1100 582 1134 et
604 1096 723 1133 nihilo
745 1096 872 1133 minus
895 1099 972 1133 stet
995 1096 1034 1132 in
1057 1096 1194 1133 scholis
1217 1109 1303 1133 cum
1327 1097 1460 1133 ceteris
1479 1096 1757 1132 bacchalaureis

299 1159 338 1192 et
355 1156 577 1192 conviuetur

206 1215 303 1251 Item
321 1213 538 1251 conceditur
553 1213 721 1250 Antonio
738 1213 962 1261 Gyrlington
981 1217 1023 1249 vt
1039 1213 1168 1250 decem
1186 1214 1337 1250 termini
1361 1214 1399 1250 in
1417 1213 1556 1261 quibus
1579 1213 1756 1250 lectiones

297 1273 504 1310 ordinarias
520 1272 669 1309 audiuit
691 1284 757 1320 per
779 1273 958 1308 maiorem
981 1276 1126 1319 partem
1152 1272 1190 1308 in
1209 1276 1290 1308 toto
1310 1285 1382 1308 vna
1403 1284 1489 1308 cum
1512 1272 1755 1320 oppositioni-

298 1331 370 1369 bus'
382 1335 420 1368 et
437 1331 740 1379 responsionibus
753 1335 791 1367 et
809 1331 942 1367 ceteris
954 1331 1142 1367 exercitiis
1159 1343 1226 1378 per
1244 1331 1359 1378 Regia
1371 1335 1519 1367 statuta
1532 1330 1756 1379 [requisitis]

298 1390 387 1427 licet
411 1402 485 1426 non
511 1390 664 1427 omnino
688 1389 894 1426 secundum
919 1390 1078 1426 formam
1103 1391 1239 1426 statuti
1263 1390 1452 1426 sufficiant
1475 1390 1508 1426 ei
1534 1390 1581 1426 ad
1607 1402 1756 1438 respou-

299 1450 463 1487 dendum
480 1450 669 1498 questioni

206 1508 347 1546 Eadem
363 1508 485 1555 gratia
501 1508 718 1544 conceditur
734 1508 757 1544 J
760 1508 872 1544 oanni
890 1507 1020 1555 Yonge

207 1565 527 1602 Determinatores
558 1566 700 1613 collegii
737 1565 884 1613 Regalis
909 1565 979 1602 hoc
1003 1577 1102 1602 anno
1134 1565 1275 1602 domiui
1305 1565 1542 1602 Handforthe
1570 1566 1694 1602 Rooks
1718 1571 1757 1602 et

301 1623 438 1661 Welles
454 1623 593 1671 quibus
609 1623 657 1660 ab
674 1623 893 1660 achademia
909 1623 1014 1660 nulla
1029 1623 1120 1660 data
1136 1627 1195 1660 est
1211 1624 1442 1671 dispensatio
1458 1628 1526 1660 aut
1542 1625 1663 1671 gratia

207 1683 305 1720 Item
322 1682 540 1719 conceditur
557 1682 821 1718 Bartholomeo
838 1682 1066 1731 Dodyngton
1085 1687 1126 1718 vt
1145 1686 1189 1718 12
1206 1683 1358 1719 termini
1372 1683 1548 1730 completi
1566 1684 1604 1719 in
1619 1683 1758 1731 quibus
1775 1681 1803 1720 f.
1826 1682 1872 1720 31
1898 1683 1923 1719 b

300 1742 478 1778 lectiones
495 1741 644 1778 audiuit
666 1741 874 1778 ordinarias
896 1741 985 1778 licet
1005 1754 1079 1778 non
1103 1753 1232 1778 omnes
1257 1754 1324 1789 pro
1340 1742 1481 1778 maiore
1503 1746 1610 1789 parte
1630 1747 1757 1779 tamen

301 1811 375 1834 vna
395 1810 481 1835 cum
504 1798 804 1846 oppositionibus
825 1802 865 1835 et
890 1798 1194 1846 responsionibus
1215 1799 1320 1836 iuxta
1338 1800 1496 1836 formam
1514 1801 1649 1837 statuti
1668 1801 1758 1847 regii

300 1857 491 1904 requisitis
508 1857 696 1893 sufficiant
712 1857 745 1892 ei
762 1857 810 1892 ad
826 1857 1127 1904 respondendum
1144 1858 1334 1904 questioni

207 1915 348 1952 Eadem
365 1916 487 1962 gratia
503 1915 721 1952 conceditur
738 1915 901 1951 Roberto
920 1916 1072 1952 Dakens

208 1975 307 2012 Item
339 1974 556 2011 conceditur
580 1975 725 2011 'rhome
753 1975 921 2011 Turnero
946 1982 988 2011 vt
1021 1978 1043 2012 9
1076 1976 1227 2012 termini
1262 1988 1349 2012 cum
1382 1989 1426 2012 eo
1459 1978 1497 2012 iu
1531 1989 1606 2024 quo
1638 1977 1758 2014 deter-

301 2033 514 2070 minaturus
531 2035 590 2069 est
605 2034 783 2080 quoniam
807 2034 933 2081 plures
949 2035 1031 2070 sine
1054 2035 1135 2070 eius
1160 2046 1297 2082 magno
1319 2034 1548 2072 detrimento
1564 2043 1760 2084 expectare

302 2104 377 2128 non
394 2095 519 2140 potest
535 2104 621 2128 cum
639 2093 938 2140 oppositionibus
954 2093 1260 2140 responsionibus
1275 2097 1315 2130 et
1331 2094 1416 2130 aliis
1431 2095 1618 2131 exercitiis
1637 2097 1759 2143 requi-

301 2151 386 2187 sitis
402 2162 470 2198 per
485 2151 586 2198 regia
601 2153 750 2187 statuta
765 2152 955 2188 sufficiant
971 2152 1005 2188 ei
1022 2151 1070 2188 ad
1088 2151 1389 2199 respondendum
1404 2154 1592 2200 questioni

209 2210 307 2248 Item
332 2210 550 2247 conoeditur
583 2211 770 2247 Gulielmo
794 2211 956 2259 Whyple
981 2214 1024 2247 vt
1050 2214 1093 2248 12
1118 2212 1271 2248 termini
1296 2224 1382 2248 cum
1407 2224 1450 2249 eo
1476 2214 1515 2249 iu
1541 2225 1616 2261 quo
1639 2214 1759 2251 deter-

302 2269 516 2306 minaturus
549 2269 646 2306 finiti
685 2281 760 2305 vna
791 2281 878 2306 cum
911 2269 1211 2318 oppositionibus
1243 2274 1282 2306 et
1318 2271 1622 2318 responsionibus
1654 2274 1760 2310 iuxta

302 2328 462 2365 formam
480 2328 616 2364 statuti
634 2328 827 2375 requisitis
843 2329 1032 2365 sufficiant
1049 2329 1082 2365 ei
1100 2329 1148 2366 ad
1165 2330 1466 2376 respondendum
1483 2333 1671 2378 questioni

209 2388 309 2425 Item
325 2387 542 2424 conceditur
558 2388 691 2425 Carolo
707 2389 826 2436 Gryse
844 2391 886 2424 vt
905 2391 948 2424 12
966 2389 1118 2424 termini
1142 2389 1181 2424 in
1198 2389 1337 2436 quibus
1359 2390 1536 2427 lectiones
1552 2391 1759 2428 ordinarias

302 2447 451 2484 audiuit
467 2447 555 2484 licet
576 2459 652 2483 non
675 2448 829 2484 omnino
851 2448 1058 2484 secundum
1081 2449 1242 2485 formam
1264 2449 1401 2486 statuti
1418 2454 1457 2486 et
1481 2451 1634 2497 reliquis
1658 2464 1758 2488 excr-

303 2506 404 2542 citiis
432 2506 472 2542 in
497 2507 608 2553 regiis
640 2507 798 2543 statutis
821 2507 1014 2554 requisitis
1046 2507 1232 2543 satisfecit
1262 2508 1452 2544 sufficiant
1475 2510 1509 2545 ei
1534 2509 1582 2546 ad
1609 2522 1758 2558 respon-

302 2565 468 2603 dendum
493 2566 683 2613 questioni

209 2624 352 2663 Eadem
368 2624 490 2672 gratis.
505 2624 552 2661 de
569 2624 682 2661 verbo
699 2626 738 2661 in
758 2625 911 2661 verbum
929 2625 1146 2662 conceditur
1161 2625 1183 2661 J
1187 2626 1299 2662 oanni
1318 2626 1489 2663 Mai-kam

211 2685 311 2723 Item
327 2683 544 2721 conceditur
566 2683 752 2720 Richardo
774 2684 909 2732 Abney
927 2687 969 2720 vt
995 2687 1040 2720 12
1063 2685 1215 2721 termini
1238 2685 1278 2721 in
1300 2685 1440 2733 quibus
1462 2686 1640 2724 lectiones
1662 2689 1759 2726 ordi·

0 2750 6 2828 ἡ
30 2723 39 2790 ⁸-
305 2742 430 2779 uarias
445 2742 594 2779 audiuit
610 2743 699 2779 licet
714 2754 789 2779 non
806 2743 909 2779 omni
926 2755 971 2779 ex
987 2748 1095 2790 parte
1115 2744 1321 2781 secundum
1343 2745 1503 2782 formam
1520 2747 1656 2784 statuti
1673 2760 1759 2784 cum

303 2801 602 2850 oppositionibus
618 2805 657 2838 et
673 2802 979 2849 responsionibus
995 2814 1062 2850 per
1077 2803 1178 2850 regia
1199 2806 1347 2839 statuta
1366 2805 1558 2852 requisitis
1574 2806 1762 2843 sufficiant

305 2860 339 2898 ei
355 2860 403 2898 ad
419 2860 719 2908 respondendum
736 2862 925 2909 questioni
