2008 3294
150 163 366 217 1581-82]
719 170 870 203 enixos
900 170 1024 202 Boon
1055 169 1085 200 Δ
1606 157 1690 198 355

575 499 785 542 Doctores
815 498 862 540 in
892 512 1012 541 sacra
1042 497 1264 554 theologia

145 633 373 670 Conceditur
404 636 448 670 19
478 633 570 670 Maii
599 633 778 680 magistro
810 632 918 669 Edm.
951 631 1092 669 Hound
1120 635 1163 668 vt
1191 631 1362 668 studium
1391 634 1413 667 5
1441 641 1626 666 annorum
1654 630 1694 666 in

240 693 426 740 theologia
457 695 544 740 post
575 692 732 739 gradum
765 692 1097 729 bacchalaureatus
1129 691 1168 727 in
1200 690 1331 727 eadem
1362 693 1580 737 susceptum
1608 700 1694 725 cum

239 751 540 799 opposicionibus
580 751 885 798 responsionibus
925 750 1162 787 sermonibus
1200 753 1240 787 et
1279 750 1364 786 aliis
1404 749 1591 786 exercitiis
1630 760 1696 796 per

240 813 387 848 statuta
411 810 603 858 requisitis
627 810 788 847 sufficiat
813 811 847 846 ei
871 809 919 846 ad
944 809 1199 857 incipiendum
1224 809 1263 845 in
1287 820 1394 845 sacra
1417 808 1603 855 theologia

147 870 289 907 Eadem
313 870 435 916 gratia
459 870 676 906 conceditur
700 873 744 906 25
771 870 863 907 Maii
888 870 1068 916 magistro
1092 869 1115 906 J
1118 881 1150 906 ο.
1176 869 1337 917 Copeott

146 928 372 965 Conceditur
400 931 422 964 8
446 929 471 965 J
473 929 553 965 unii
583 929 762 976 magistro
789 929 908 966 mer.
936 927 1097 976 Tyndall
1125 932 1168 964 vt
1194 927 1365 964 studium
1394 931 1416 963 5
1441 939 1626 965 annorum
1655 928 1694 964 in

240 987 427 1034 theologia
459 990 545 1035 post
577 987 734 1035 gradum
769 987 1100 1024 bacchalaureatus
1132 988 1172 1023 in
1204 987 1335 1024 eadem
1363 990 1580 1034 susceptum
1608 998 1694 1023 cum

241 1046 543 1094 opposicionibus
571 1046 807 1083 sermonibus
836 1049 876 1083 et
904 1059 979 1084 vna
1006 1046 1247 1094 responsione
1274 1047 1315 1083 in
1343 1046 1522 1094 vesperiis
1550 1047 1694 1083 comiti-

240 1117 347 1142 orum
376 1109 415 1142 et
443 1106 528 1142 aliis
556 1106 744 1143 exercitiis
775 1117 843 1153 per
870 1108 1018 1142 statuta
1046 1106 1148 1153 regia
1175 1105 1368 1153 requisitis
1394 1105 1557 1142 sufficiat
1584 1106 1618 1142 ei
1647 1105 1695 1141 ad

240 1164 494 1213 incipiendum
519 1165 558 1201 in
584 1177 690 1202 sacra
715 1165 901 1212 theologia

631 1436 750 1480 Ordo
781 1436 1050 1481 senioritatis
1079 1452 1216 1494 mary.

574 1567 735 1614 Tyndall
1111 1568 1274 1616 Oopcooe

575 1625 716 1663 Hound

483 1908 788 1965 Incorporatus
821 1910 862 1951 in
898 1910 1117 1966 theologia
1147 1917 1192 1952 et
1222 1911 1371 1954 doctor

152 2038 378 2074 Conceditur
409 2041 432 2073 8
461 2039 678 2075 Decembris
711 2040 890 2087 magistro
922 2041 980 2077 Jo.
1016 2041 1226 2089 Brownyng
1254 2047 1297 2078 vt
1328 2043 1380 2078 sit
1412 2043 1474 2079 hic
1506 2044 1606 2091 apud
1637 2056 1702 2080 vos

245 2098 398 2134 eiisdem
424 2099 504 2135 loco
529 2099 658 2136 ordine
682 2103 722 2136 et
745 2100 863 2147 gradu
887 2100 1027 2147 quibus
1050 2105 1110 2138 est
1133 2102 1235 2149 apud
1261 2102 1490 2139 Oxonienses

154 2155 380 2192 Conceditur
409 2158 453 2194 27
480 2157 587 2193 Junii
613 2160 656 2194 vt
684 2158 862 2204 magister
886 2158 1018 2195 doctor
1046 2160 1156 2196 Some
1183 2161 1303 2207 possit
1328 2161 1445 2196 creari
1471 2164 1510 2196 et
1536 2162 1703 2208 accipere
1722 2162 1749 2200 f.
1777 2162 1849 2199 137
1869 2161 1894 2197 b

249 2216 409 2262 insignia
436 2216 654 2254 doctoratus
683 2218 722 2254 in
751 2218 890 2254 scholis
923 2219 1084 2266 publicis
1111 2223 1150 2256 et
1178 2231 1261 2256 eam
1290 2222 1417 2257 tenere
1445 2221 1702 2258 senioritatem

249 2286 363 2322 quam
388 2275 428 2311 in
452 2277 616 2323 presenti
642 2276 756 2313 habet

616 2546 922 2604 Incorporatus
952 2547 997 2588 in
1031 2547 1244 2589 medicina

159 2674 386 2710 Conceditur
410 2676 455 2712 27
480 2675 654 2712 Octobris
678 2680 721 2712 vt
745 2678 924 2723 magister
948 2678 1039 2714 Tho.
1069 2679 1202 2715 Muffet
1228 2680 1266 2715 in
1291 2680 1483 2717 academia
1510 2682 1705 2719 Basiliensi

254 2731 436 2768 medicine
462 2733 593 2770 doctor
618 2735 669 2771 sit
696 2735 756 2771 hic
782 2736 883 2783 apud
907 2748 974 2772 vos
1001 2737 1040 2772 in
1067 2737 1220 2774 eiisdem
1248 2739 1366 2785 gradu
1392 2739 1522 2776 ordine
1546 2744 1585 2777 et
1608 2754 1708 2779 auno

254 2790 392 2837 quibus
415 2791 491 2827 fuit
515 2795 554 2828 et
578 2795 635 2829 est
661 2794 700 2829 in
725 2794 827 2830 dicta
851 2795 1042 2832 academia
1069 2796 1267 2833 Basiliensi
1292 2798 1346 2834 sic
1371 2802 1413 2835 vt
1438 2799 1546 2836 litere
1571 2801 1710 2847 gradus

255 2849 361 2896 prius
384 2849 558 2897 legantur
582 2851 621 2887 in
645 2856 780 2888 senatu

1448 2910 1601 2976 ''23—'2
