2008 3216
353 155 436 196 172
934 168 1087 200 GRAcn
1117 168 1241 200 BOOK
1272 169 1302 200 Δ
1676 160 1900 216 [1563-64

349 265 492 302 Eadem
508 267 631 313 gratia
647 268 866 304 conceditur
884 269 1014 305 eodem
1037 281 1124 306 cum
1146 269 1252 317 xijcim
1273 270 1447 306 terminis
1468 282 1554 307 cum
1577 271 1740 308 termino
1759 271 1799 307 in
1821 283 1897 319 quo

440 330 500 364 est
515 327 838 365 determinaturus
855 330 961 367 Geor.
981 330 1248 378 Christophers
1264 331 1358 367 Tho.
1376 331 1541 367 Barbero

347 386 489 422 Eadem
512 388 634 433 gratia
656 387 874 424 conceditur
902 388 1033 425 eodem
1053 401 1140 425 cum
1161 389 1252 436 xjeim
1270 389 1445 426 terminis
1465 402 1551 426 cum
1571 390 1734 427 termino
1762 391 1802 427 in
1824 403 1898 438 quo

441 446 601 482 Ricardo
630 447 772 483 Faucet
801 447 962 483 Ricardo
990 448 1140 495 Rayner
1173 449 1327 496 Hugoni
1360 449 1485 496 Byllet
1520 449 1652 485 Israeli
1684 449 1817 486 Amice
1847 450 1897 487 Η.

439 505 558 541 Flude
574 505 666 543 Tho.
685 506 841 542 Browne
859 506 1042 543 Nicholao
1059 508 1238 544 Thornell
1256 508 1413 554 Rogerio
1431 508 1569 544 Rames
1587 508 1724 544 Matth.
1741 509 1898 545 Shaftoe

343 564 485 600 Eadem
501 564 624 610 gratia
640 565 859 601 conceditur
874 565 1005 601 eodem
1023 578 1108 602 cum
1127 566 1180 613 xj⁰
1166 566 1218 590 ⁰¹¹²
1235 567 1412 603 terminis
1429 566 1521 603 Rob.
1542 566 1627 603 Sole

343 622 484 658 Eadem
501 624 623 669 gratia
640 623 860 663 conceditur
876 623 1004 659 eodem
1024 635 1110 660 cum
1129 631 1210 660 xoem
1226 625 1400 661 terminis
1415 625 1439 661 J
1442 637 1475 663 o
1494 625 1593 661 Sone

341 681 484 718 Eadem
494 682 616 728 gratia
626 682 844 718 conceditur
855 693 941 718 cum
952 682 1020 730 xijc
1006 682 1058 706 ⁰¹¹⁸
1068 683 1242 720 terminis
1254 683 1289 730 xj
1304 683 1496 720 Februarii
1512 684 1694 720 Nicholao
1705 684 1897 721 Goodlade

436 740 596 777 Ricardo
614 741 755 777 Ranow
772 741 903 777 Franc.
923 741 1064 789 Copley
1080 745 1119 778 et
1136 754 1222 778 cum
1240 742 1274 789 xj
1294 743 1468 779 terminis
1485 743 1618 780 Humf.
1638 743 1812 779 Hanmer

339 798 570 835 Conceditur
597 802 638 835 11
671 799 866 835 Februarii
897 799 988 837 Tho.
1020 800 1167 848 Pawley
1195 804 1239 836 vt
1267 801 1374 848 xijcim
1407 801 1560 837 termini
1589 801 1629 837 in
1657 801 1796 848 quibus
1823 805 1893 838 etc.

431 858 624 895 sufficiant
651 859 685 895 ei
714 858 763 894 ad
790 859 1092 906 respondendum
1119 860 1310 906 questioni
1336 860 1390 896 sic
1419 863 1462 897 vt
1488 861 1569 897 eius
1595 860 1757 898 eruditio
1789 861 1896 908 prius

433 918 669 953 examinetur
684 920 724 953 et
739 916 970 964 approbetur
986 930 1053 965 per
1068 919 1343 955 examinatores
1360 919 1474 955 huius
1491 919 1581 955 anni

339 975 481 1012 Eodem
498 976 628 1012 eadem
644 976 768 1023 gratia
784 976 1003 1012 conceditur
1019 976 1111 1012 Tho.
1132 977 1285 1013 Procter

338 1035 566 1072 Conceditur
593 1036 725 1083 xxviij⁰
753 1036 925 1072 Januarii
951 1035 1057 1071 Alex.
1086 1036 1170 1083 Key
1195 1048 1281 1072 ceco
1306 1039 1396 1072 nato
1421 1040 1464 1072 vt
1489 1036 1553 1083 viij
1580 1036 1733 1072 termini
1758 1037 1798 1072 in
1823 1036 1894 1073 hac

432 1095 680 1131 vniuersitate
696 1097 735 1131 et
752 1107 850 1130 vnus
866 1107 989 1130 annus
1002 1095 1041 1130 in
1054 1095 1247 1131 academia
1265 1095 1590 1132 Franckfordiensi
1609 1095 1648 1131 in
1665 1094 1804 1142 quibus
1820 1099 1890 1132 etc.

430 1154 621 1190 sufficiant
636 1154 670 1190 ei
686 1154 735 1190 ad
752 1153 1053 1200 respondendum
1072 1153 1263 1200 questioni

336 1213 564 1249 Conceditur
581 1213 616 1260 xj
635 1213 829 1250 Februarii
846 1213 870 1249 J
873 1225 904 1249 o.
925 1213 1076 1249 Galasio
1094 1216 1136 1250 vt
1155 1216 1199 1249 12
1216 1213 1370 1249 termini
1388 1214 1529 1261 partim
1553 1213 1592 1249 in
1615 1213 1685 1249 hac
1708 1213 1890 1250 vniuersi-

430 1276 510 1309 tate
532 1273 672 1320 partim
695 1273 734 1309 in
758 1273 1023 1309 transmarinis
1043 1272 1217 1320 partibus
1241 1273 1280 1308 in
1305 1272 1445 1320 quibus
1469 1276 1540 1309 etc.
1567 1273 1758 1309 sufficiant
1782 1273 1816 1309 ei
1841 1273 1889 1310 ad

430 1332 730 1379 respondendum
748 1331 938 1378 questioni

335 1391 562 1428 Conceditur
579 1394 601 1427 3
619 1391 749 1427 Martii
768 1391 859 1428 Tho.
878 1390 1010 1427 Shawe
1027 1394 1070 1426 vt
1089 1393 1132 1426 12
1150 1391 1302 1426 termini
1324 1391 1364 1427 in
1384 1390 1524 1438 quibus
1544 1394 1614 1428 etc.
1642 1390 1832 1427 sufficiant
1853 1391 1888 1426 ei

429 1450 477 1487 ad
493 1450 794 1497 respondendum
813 1450 1003 1497 questioni
1027 1450 1081 1486 sic
1104 1455 1146 1486 vt
1171 1450 1252 1486 eius
1276 1449 1439 1486 eruditio
1461 1450 1567 1497 prius
1589 1450 1827 1486 examinetur
1849 1454 1888 1486 et

429 1508 658 1556 approbetur
690 1520 756 1555 per
788 1508 1061 1544 examinatores
1093 1507 1207 1544 huius
1236 1508 1326 1544 anni
1351 1512 1390 1544 et
1415 1510 1492 1544 stet
1517 1507 1704 1555 reliquum
1726 1507 1887 1555 quadra-

429 1567 568 1614 gesime
584 1578 670 1603 cum
687 1567 822 1603 ceteris
838 1566 1100 1614 questionistis

334 1627 476 1664 Eodem
493 1626 623 1663 eadem
638 1626 761 1673 gratia
777 1626 995 1663 conceditur
1020 1626 1171 1673 Digorio
1195 1626 1324 1662 Nicols
1351 1630 1390 1662 et
1414 1638 1501 1663 cum
1521 1628 1562 1663 11
1582 1623 1755 1662 terminis
1772 1626 1881 1663 Edm.

431 1685 576 1732 Bignall

175 1741 200 1780 f.
226 1742 276 1780 74
292 1755 317 1781 a
333 1744 430 1780 Cum
454 1744 529 1780 hiis
553 1743 904 1780 determinauerunt
928 1743 974 1780 de
999 1743 1153 1790 collegio
1180 1743 1295 1790 Regio
1323 1742 1464 1790 quibus
1487 1743 1592 1779 nulla
1617 1743 1738 1790 petita
1763 1754 1885 1790 neque

428 1814 602 1840 concessa
635 1806 694 1839 est
726 1803 848 1850 gratia
881 1802 1087 1839 Nicholaus
1120 1801 1270 1849 Ayland
1306 1801 1362 1839 W.
1399 1802 1565 1838 Hannan
1601 1802 1713 1848 Hugo
1746 1802 1884 1850 Blythe

427 1862 619 1899 Abraham
647 1862 852 1899 Hartewell
885 1862 993 1899 Edm.
1030 1861 1227 1909 Laughton
1256 1862 1386 1899 Franc.
1414 1861 1576 1909 Howlyn
1601 1861 1659 1899 J0.
1691 1861 1883 1909 Nudigate

426 1922 519 1959 Tho.
541 1921 690 1958 Welche
707 1924 746 1957 et
764 1921 970 1957 Nicholaus
987 1921 1182 1968 Colpottes
