2008 3216
117 157 334 212 1560-61]
695 162 846 196 omen·
877 162 1001 193 Boox
1032 162 1062 192 A
1578 148 1660 189 145

725 684 1054 741 [1560—1561]

117 841 279 884 Gratiae
311 842 403 884 siue
433 840 668 899 petitiones
697 854 895 883 concesse
916 839 961 881 in
992 838 1120 896 plena
1150 837 1482 894 congregatione
1511 850 1661 892 regen·

235 912 343 954 tium
367 918 412 955 et
432 926 517 954 non
539 910 783 967 regentium
806 925 833 953 a
854 909 983 953 Festo
1007 909 1145 951 sancti
1168 907 1395 950 Michaelis
1415 905 1661 962 archangeli

233 996 346 1024 anno
395 982 507 1024 1560
549 995 681 1036 vsque
721 978 836 1022 idem
878 979 1038 1021 festum
1087 983 1192 1020 tunc
1239 976 1433 1033 proxime
1480 990 1665 1032 sequens

237 1050 427 1093 Henrico
469 1051 645 1106 Harvey
683 1051 828 1106 legum
871 1048 1046 1091 doctore
1086 1054 1191 1090 tunc
1232 1046 1578 1090 vicecancellario
1619 1053 1663 1088 et

235 1120 459 1164 Anthonio
491 1120 766 1178 Gyrlyngton
799 1126 843 1162 et
874 1119 941 1163 Jo.
974 1117 1135 1163 Cowell
1166 1117 1516 1175 procuratoribus

308 1267 442 1304 Dictus
456 1267 504 1304 H.
519 1267 671 1314 Harvey
684 1267 825 1303 electus
841 1269 900 1302 est
916 1265 964 1302 ad
981 1265 1145 1302 officium
1159 1263 1450 1301 vicecancellarii
1468 1266 1490 1299 4
1505 1262 1666 1299 Novem-

403 1327 479 1363 bris
503 1339 590 1363 cum
615 1326 662 1362 ad
687 1338 773 1363 eum
796 1326 896 1362 diem
919 1326 1074 1362 functus
1095 1327 1195 1361 esset
1216 1336 1260 1361 eo
1283 1323 1403 1360 officio
1426 1322 1524 1358 And.
1551 1322 1668 1358 Peme

403 1397 507 1422 sacre
531 1384 715 1432 theologie
739 1383 926 1432 professor

121 1474 348 1511 Conceditur
374 1477 415 1511 11
444 1474 617 1511 Octobris
642 1477 684 1510 vt
708 1485 839 1510 omnes
862 1473 981 1520 gratie
1004 1471 1239 1509 admittende
1264 1483 1330 1519 per
1352 1470 1549 1507 dominum
1574 1469 1668 1505 vice-

216 1533 477 1570 cancellarium
494 1533 665 1570 doctores
683 1534 800 1569 Perne
818 1533 963 1579 Drurye
975 1535 1014 1568 et
1031 1532 1105 1568 Car
1117 1531 1317 1577 magistros
1330 1530 1441 1577 Maye
1457 1532 1497 1565 et
1514 1529 1670 1575 Younge

216 1593 363 1640 possint
386 1604 603 1628 concurrere
627 1592 667 1628 in
688 1594 852 1638 quatuor
876 1589 1224 1638 congregationibus
1246 1588 1359 1625 huius
1380 1588 1470 1624 anni
1494 1587 1548 1623 ita
1569 1587 1670 1634 quod

217 1651 354 1699 singuli
378 1663 507 1688 eorum
531 1650 770 1688 consentiant

604 1912 914 1956 Bacchalaurei
946 1912 990 1954 in
1022 1910 1191 1954 artibus

127 2047 354 2084 Conceditur
385 2045 515 2082 eodem
542 2043 737 2082 Osmundo
764 2044 894 2091 Davye
920 2045 963 2079 vt
995 2046 1038 2079 19.
1067 2042 1219 2079 termini
1252 2043 1291 2078 in
1324 2041 1464 2090 quibus
1497 2042 1675 2077 lectiones

222 2106 428 2143 ordinarias
451 2105 598 2142 audivit
621 2104 710 2141 licet
734 2116 810 2140 non
834 2103 989 2140 omnino
1013 2103 1219 2139 secundum
1242 2103 1400 2139 formam
1426 2101 1563 2138 statuti
1588 2113 1674 2138 curn

222 2164 521 2213 oppositionibus
553 2162 859 2211 responsionibus
891 2166 930 2198 et
963 2162 1048 2198 aliis
1079 2162 1266 2199 exercitiis
1298 2174 1365 2210 per
1396 2162 1497 2208 regia
1529 2164 1676 2197 statuta

223 2225 415 2273 requisitis
431 2224 620 2260 sufficiant
636 2223 671 2259 ei
687 2222 736 2259 ad
753 2222 1053 2270 respondendum
1078 2222 1266 2269 questioni
1379 2224 1424 2258 22
1451 2220 1677 2257 Novembris

224 2283 353 2320 eadem
377 2283 499 2330 gratia
522 2282 740 2318 conceditur
763 2281 821 2318 Jo.
848 2281 1034 2328 Vaughan
1060 2281 1117 2317 W.
1146 2281 1277 2317 Butler
1383 2284 1427 2316 13
1461 2280 1678 2317 Decembris

224 2343 354 2381 eadem
369 2343 491 2390 gratia
506 2341 723 2378 conceditur
746 2340 920 2376 Michaeli
939 2340 1094 2388 Denbye
1114 2342 1216 2387 Step.
1235 2340 1393 2377 Warner
1409 2341 1500 2376 Tho.
1519 2340 1678 2388 Smythe

225 2403 283 2439 W.
327 2403 428 2438 Lunt
466 2401 523 2438 W.
563 2400 686 2436 Taber
757 2400 891 2436 vltimo
928 2400 1100 2436 Januarii
1138 2400 1268 2436 eadem
1306 2400 1427 2447 gratia
1463 2400 1681 2436 conceditur

192 2453 200 2464 ⁹
225 2461 413 2499 Willelmo
433 2461 594 2508 Smytho
612 2460 690 2497 Ric.
708 2459 951 2495 Thornetouo
967 2459 1058 2496 Tho.
1079 2460 1200 2496 Lakes
1221 2460 1257 2495 N
1260 2459 1381 2495 icholo
1404 2458 1549 2496 Crabbe
1574 2460 1681 2495 Isaac

227 2520 417 2567 Barrough
451 2519 651 2556 Lanceloto
685 2519 877 2566 Dunnyng
910 2518 989 2556 Ric.
1025 2518 1210 2555 Howland
1244 2518 1301 2555 W.
1336 2519 1480 2554 Greene
1518 2518 1682 2554 Henrico

229 2579 400 2616 Fletcher
414 2579 438 2615 J
441 2591 472 2615 o.
492 2578 649 2615 Stubbis
666 2577 831 2614 Roberto
847 2577 977 2613 Tower
1000 2577 1100 2613 Edw.
1122 2578 1314 2614 Leuckner
1328 2578 1385 2614 W.
1411 2578 1557 2613 Turner
1573 2577 1681 2614 Edm.

229 2637 372 2674 Holder
403 2637 496 2673 Tho.
532 2635 736 2672 Halibrede
768 2635 826 2672 Jo.
861 2635 1034 2672 Skarlote
1066 2635 1158 2672 Tho.
1199 2635 1358 2671 Randall
1391 2636 1447 2671 W.
1483 2635 1683 2682 Hodgeson

229 2697 397 2733 Arthuro
431 2695 568 2732 Purifie
601 2694 693 2732 Rob.
737 2694 944 2742 Lynforthe
984 2694 1040 2730 Jo.
1077 2693 1249 2741 Byckner
1287 2694 1347 2731 JO.
1387 2694 1540 2742 Gybson
1580 2694 1682 2730 Edw.

230 2754 410 2801 Hausbey
434 2753 635 2790 Vincentio
660 2752 834 2799 Skynner
857 2751 915 2787 Jo.
942 2751 1045 2798 Ayer
1069 2750 1232 2787 Roberto
1257 2751 1420 2798 Holgate

136 2813 277 2850 Eadem
301 2812 423 2859 gratia
444 2811 662 2847 conceditur
686 2810 816 2846 eodem
842 2809 1007 2846 Roberto
1032 2809 1195 2857 Bishope
1220 2821 1307 2846 cum
1334 2813 1377 2846 12
1403 2811 1575 2846 terminis
1599 2788 1694 2846 cum¹

231 2871 392 2908 termino
416 2870 456 2906 in
481 2881 556 2916 quo

246 2947 281 2974 ι..
303 2946 356 2975 1v.
1529 2933 1580 2972 10

1680 687 1708 726 f.
1731 687 1820 726 59a
