2008 3294
348 190 435 232 438
929 202 1081 235 GRACE
1112 202 1237 234 BOOK
1268 203 1298 234 Δ
1679 192 1899 249 [1588-89

160 324 188 363 f.
214 325 331 364 1591>
525 319 689 361 Gratiae
719 319 810 361 sive
841 319 1079 376 peticiones
1109 334 1195 361 non
1227 325 1535 363 concernentes
1564 320 1725 376 gradus

349 433 577 470 Conceditur
606 438 652 471 10
677 434 851 471 Octobris
879 435 1061 482 magistro
1091 435 1252 471 Ricardo
1275 435 1453 472 Warfield
1482 436 1522 472 in
1548 435 1695 471 artibus
1721 434 1900 482 magistro

443 497 486 529 vt
514 494 566 529 sit
594 506 692 530 vnus
719 506 764 530 ex
793 494 990 530 duodecim
1022 494 1321 542 predicatoribus
1349 495 1420 531 hoc
1448 507 1548 531 anno
1577 506 1643 542 per
1669 493 1899 530 academiam

443 552 663 588 emittendis
687 553 742 588 sic
766 556 808 588 vt
834 565 947 599 super
972 553 1043 589 hac
1067 557 1195 590 vestra
1220 554 1458 590 concessione
1484 553 1614 590 literas
1638 553 1778 590 habeat
1801 553 1900 600 sigil-

443 611 541 647 latas
563 611 684 658 sigillo
704 614 830 647 vestro
852 612 1043 648 communi
1101 612 1244 649 Eadem
1268 613 1391 659 gratia
1414 613 1632 650 conceditur
1652 619 1692 649 x⁰
1708 611 1901 649 Februarii

442 670 467 705 J
469 670 609 706 ohanni
639 670 811 707 Milward
838 671 863 707 J
865 683 896 707 o.
925 671 999 707 Dix
1027 675 1067 708 et
1096 671 1228 708 Owino
1258 672 1438 708 Rowland
1466 673 1507 709 in
1535 672 1682 709 artibus
1710 671 1901 719 magistris

444 730 488 765 17
514 728 644 763 Martii
674 727 856 764 Nicholao
884 728 1014 764 Steare
1043 741 1147 765 sacre
1175 729 1360 777 theologie
1388 729 1657 767 bacchalaureo
1715 733 1778 767 30ο
1807 730 1900 766 Maii

442 787 544 823 Edw.
562 787 772 823 Wollaston
795 787 888 823 Rob.
908 787 1068 835 Smythe
1090 788 1198 825 Geor.
1223 789 1341 825 Flude
1363 789 1387 825 J
1390 789 1530 826 ohanni
1553 789 1713 837 Smythe
1735 788 1900 825 Samueli

443 846 571 882 Herne

347 905 575 942 Conceditur
601 908 646 941 10
669 904 844 942 Octobris
902 905 998 941 Cum
1024 907 1163 943 oratori
1185 910 1312 943 vestro
1336 907 1446 955 plura
1469 907 1560 944 foris
1584 906 1807 949 incumbant
1830 906 1901 942 hoc

442 975 541 999 anno
563 964 716 1010 negocia
735 975 851 1010 quam
871 975 946 1010 que
967 964 1086 1000 trium
1108 965 1297 1002 mensium
1319 966 1443 1013 spatio
1465 968 1566 1002 recte
1587 965 1902 1002 administrentur

440 1023 565 1070 placet
590 1022 697 1059 vobis
723 1027 766 1059 vt
792 1023 1092 1070 quotiescunque
1116 1035 1178 1060 res
1204 1036 1271 1060 sue
1297 1024 1575 1071 postulaverint
1602 1024 1714 1060 liceat
1739 1024 1774 1060 ei
1802 1023 1901 1060 bona

441 1085 569 1118 vestra
593 1094 679 1118 cum
702 1083 813 1118 venia
837 1082 967 1119 abesse
992 1083 1048 1119 ita
1071 1086 1201 1119 tamen
1223 1087 1266 1119 vt
1287 1084 1438 1120 veniam
1462 1086 1569 1131 petat
1594 1095 1616 1120 a
1639 1083 1792 1119 domino
1816 1094 1899 1130 pro-

440 1141 662 1177 cancellario
686 1145 725 1178 et
748 1141 924 1178 idoneum
950 1141 1204 1178 substitutum
1229 1154 1298 1178 suo
1322 1142 1402 1179 loco
1427 1143 1593 1178 iuratum
1616 1141 1806 1188 relinquat

347 1201 574 1237 Conceditur
611 1203 654 1236 21
691 1201 822 1236 Martii
857 1203 950 1237 1588
1011 1201 1108 1237 Cum
1149 1202 1374 1248 magistrum
1409 1202 1648 1238 Anthonium
1681 1200 1900 1248 Wingefield

440 1262 627 1296 oratorem
659 1259 773 1295 huius
805 1259 996 1296 academie
1028 1260 1134 1295 iussu
1166 1263 1206 1295 et
1234 1259 1488 1296 aucthoritate
1515 1260 1662 1307 reginee
1691 1259 1901 1296 maiestatis

439 1319 479 1354 in
501 1319 776 1355 transmarinas
799 1331 884 1355 oras
906 1319 1137 1355 mittendum
1160 1319 1307 1356 diutius
1326 1319 1456 1356 abesse
1476 1319 1526 1355 ab
1541 1319 1734 1355 academia
1752 1329 1902 1355 necesse

439 1379 492 1415 sit
514 1379 642 1415 Placet
659 1379 767 1415 vobis
784 1383 827 1415 vt
843 1379 944 1416 vltra
959 1379 1041 1416 dies
1060 1379 1096 1416 ei
1112 1391 1179 1427 per
1197 1383 1388 1416 statutum
1409 1379 1594 1415 limitatas
1613 1382 1652 1415 et
1671 1378 1900 1425 superiorem

439 1441 605 1474 vestram
638 1438 918 1474 concessionem
951 1437 1063 1474 vnius
1099 1441 1271 1485 preterea
1303 1438 1393 1474 anni
1425 1440 1577 1485 tempus
1612 1435 1782 1473 absentie
1817 1447 1900 1483 pro-

438 1500 591 1544 rogetur
649 1497 712 1533 Ita
739 1500 869 1532 tamen
899 1499 941 1533 vt
969 1497 1123 1533 interim
1153 1497 1328 1534 idoneum
1358 1497 1524 1544 aliquem
1553 1497 1619 1544 qui
1653 1507 1792 1532 munus
1820 1496 1901 1532 eius

438 1559 646 1603 exequatur
669 1557 709 1592 in
733 1556 857 1592 locum
881 1568 995 1592 suum
1019 1556 1231 1594 substituat

344 1616 572 1653 Conceditur
598 1619 643 1652 10
665 1615 841 1653 Octobris
864 1618 906 1652 vt
929 1615 1005 1652 duo
1029 1619 1259 1653 scrutatores
1283 1617 1397 1653 istius
1420 1616 1512 1653 anni
1538 1616 1612 1652 vna
1635 1627 1722 1651 cum
1746 1627 1900 1662 procan-

439 1676 587 1712 cellario
604 1679 644 1712 et
660 1675 824 1712 dominis
840 1675 1148 1722 procuratoribus
1165 1677 1244 1713 sint
1261 1676 1437 1713 custodes
1454 1676 1549 1712 ciste
1566 1674 1778 1712 communis

346 1735 573 1772 Conceditur
588 1734 719 1771 eodem
735 1738 778 1771 vt
795 1735 866 1771 viri
883 1735 1113 1772 venerabiles
1131 1736 1301 1783 magistri
1318 1735 1490 1772 doctores
1507 1735 1670 1783 Tyndall
1686 1737 1726 1771 et
1742 1734 1900 1771 Barwell

439 1797 479 1830 et
507 1794 686 1841 magister
715 1793 872 1829 Preston
899 1794 973 1829 vna
998 1805 1086 1830 cum
1111 1793 1266 1830 domino
1291 1794 1581 1842 procancellario
1605 1793 1684 1830 sint
1710 1791 1901 1829 auditoms

440 1853 533 1889 ciste
557 1853 770 1889 communis

346 1910 572 1947 Conceditur
596 1913 635 1946 2⁰
658 1909 885 1947 Novembris
907 1910 966 1947 Jo.
992 1910 1109 1958 Legat
1130 1911 1178 1948 de
1201 1911 1357 1948 civitate
1383 1911 1611 1948 Londinensi
1635 1912 1693 1957 (vt
1714 1910 1835 1946 fertur
1858 1911 1897 1946 in

439 1974 522 2007 arte
544 1969 785 2018 imprimendi
808 1969 925 2006 libros
947 1970 1084 2017 perito)
1102 1974 1144 2006 vt
1165 1971 1218 2007 sit
1240 1970 1302 2007 hic
1324 1971 1364 2007 in
1386 1970 1579 2007 academia
1595 1982 1693 2006 vnus
1711 1981 1756 2006 ex
1775 1969 1900 2006 tribus

442 2029 517 2065 illis
546 2028 727 2065 librorum
758 2028 1047 2076 impressoribus
1072 2028 1180 2065 vobis
1205 2041 1272 2077 per
1297 2029 1470 2066 chartam
1496 2028 1687 2076 quandam
1715 2028 1900 2065 concessis

442 2088 504 2124 Ita
531 2092 660 2124 tamen
685 2091 729 2124 vt
754 2087 815 2123 hic
840 2090 920 2123 tam
946 2099 1021 2123 non
1046 2090 1217 2124 exerceat
1242 2088 1364 2125 artem
1391 2088 1611 2135 priusquam
1638 2099 1725 2124 cum
1751 2086 1898 2124 fideius-

439 2146 587 2184 soribus
626 2146 771 2183 idoneis
811 2146 998 2194 obligetur
1037 2147 1077 2183 in
1118 2158 1267 2183 summa
1302 2147 1595 2194 quingentarum
1632 2146 1812 2183 librarum
1850 2146 1898 2182 ad

440 2207 587 2244 fidelem
613 2211 652 2244 et
678 2208 898 2244 continuam
928 2206 1227 2243 observationem
1253 2218 1382 2243 eorum
1408 2207 1578 2243 omnium
1603 2218 1677 2254 que
1702 2206 1742 2242 in
1767 2217 1897 2243 execu-

440 2268 542 2304 tione
571 2266 738 2303 eiusdem
767 2266 862 2303 artis
890 2269 970 2302 tam
999 2265 1152 2302 domiuo
1184 2265 1473 2314 procancellario
1504 2268 1596 2302 tunc
1629 2277 1697 2313 pro
1729 2269 1898 2313 tempore

438 2327 615 2363 existenti
640 2338 755 2374 quam
783 2326 915 2363 maiori
942 2325 1042 2373 parti
1072 2325 1347 2373 prepositorum
1376 2325 1614 2372 collegiorum
1639 2329 1678 2362 et
1701 2325 1897 2362 doctorum

438 2398 483 2422 ex
513 2387 621 2433 parte
645 2387 772 2421 vestra
800 2384 963 2420 maxime
988 2383 1217 2420 videbuntur
1241 2385 1449 2421 necessaria
1508 2384 1558 2420 Et
1581 2395 1695 2431 super
1718 2384 1788 2421 hac
1811 2395 1896 2420 con-

437 2444 604 2481 cessione
631 2446 756 2480 vestra
784 2443 914 2479 literas
944 2442 1082 2479 habeat
1110 2442 1231 2490 sigillo
1258 2446 1383 2480 vestro
1408 2443 1598 2479 communi
1625 2442 1807 2490 sigillatas
1833 2442 1897 2479 vbi

440 2502 531 2540 illud
557 2514 598 2540 se
623 2502 834 2550 prestitisse
860 2502 1075 2538 constiterit
1100 2501 1271 2538 articulis
1296 2502 1463 2539 eiusdem
1487 2501 1746 2539 conventionis
1770 2501 1830 2538 hic
1856 2501 1895 2538 in

439 2566 574 2599 senatu
599 2565 724 2598 vestro
748 2565 840 2598 tunc
865 2560 1013 2608 publice
1038 2560 1206 2598 recitatis

344 2621 572 2658 Conceditur
591 2620 722 2658 ecdem
740 2624 782 2658 vt
806 2620 981 2657 Michaell
999 2620 1130 2657 Woulf
1141 2620 1207 2668 qui
1230 2632 1305 2657 non
1330 2620 1384 2657 ita
1406 2620 1551 2668 pridem
1569 2624 1694 2657 vestro
1712 2631 1895 2657 consensu

438 2681 657 2728 designatus
685 2680 759 2717 fuit
785 2691 882 2717 vnus
910 2680 1210 2727 appretiatorum
1238 2680 1318 2717 sive
1346 2680 1657 2717 stacionariorum
1684 2682 1892 2716 vestrorum

438 2740 577 2777 habeat
605 2740 735 2777 literas
762 2743 885 2776 vestre
913 2739 1165 2776 concessionis
1192 2739 1375 2787 sigillatas
1403 2739 1526 2787 sigillo
1551 2742 1676 2776 vestro
1703 2739 1893 2776 communi

440 2799 579 2837 Eadem
603 2799 724 2846 gmtia
746 2798 964 2836 conceditur
991 2802 1051 2835 15⁰
1076 2798 1302 2836 Novembris
1327 2798 1420 2836 Tho.
1448 2798 1585 2835 Howse

343 2859 570 2896 Conceditur
592 2861 626 2895 ll
652 2857 875 2895 Novembris
891 2861 934 2895 vt
956 2858 1134 2905 magister
1149 2858 1207 2895 Jo.
1227 2858 1382 2906 Wylson
1405 2857 1580 2905 suppleat
1602 2857 1702 2894 vices
1724 2856 1893 2904 magistri

440 2917 560 2965 Egidii
580 2917 723 2954 Askam
743 2917 891 2953 locun-in
909 2916 1022 2953 vestri
1041 2916 1245 2953 rhetorices
1264 2916 1426 2953 durante
1449 2920 1616 2964 tempore
1637 2914 1807 2953 absentie
1828 2926 1895 2952 sue

439 2976 507 3012 hoc
524 2987 622 3011 nnnc
