2002 3236
325 160 351 201 2
903 173 1055 204 GRAcE
1086 173 1209 204 Boox
1243 173 1271 204 Δ
1647 163 1868 218 [1542-43

324 274 422 309 Item
442 273 660 310 conceditur
681 274 882 310 Edmundo
906 275 995 311 Hall
1013 279 1055 311 vt
1077 275 1247 312 studium
1269 281 1308 312 et
1330 277 1496 324 practica
1517 282 1663 324 septem
1685 288 1869 312 annorum

417 332 456 367 in
479 336 562 367 arte
584 332 794 379 chirurgica
815 333 978 369 sufficiat
994 333 1027 369 ei
1044 333 1093 370 ad
1115 334 1400 381 practicandum
1417 335 1456 370 in
1473 335 1603 371 eadem
1620 335 1799 371 facultate
1816 334 1871 369 ita

415 391 515 438 quod
532 392 614 427 eius
625 391 787 427 eruditio
803 394 843 428 et
859 404 983 428 mores
996 393 1258 430 examinentur
1269 397 1309 430 et
1320 393 1575 441 approbentur
1590 405 1657 441 per
1672 394 1872 440 magistros

417 450 544 486 Cheke
559 454 600 486 et
616 451 702 498 Byll

821 640 1098 683 Baccalaurei
1129 641 1174 683 in
1204 641 1373 684 artibus

323 741 369 776 In
393 742 527 788 primis
543 741 760 778 conceditur
776 741 959 778 Edwardo
972 742 1173 789 Twhaytes
1190 746 1232 778 vt
1251 746 1295 779 12
1311 743 1463 779 termini
1481 743 1520 779 in
1537 743 1677 790 quibus
1692 743 1871 779 lectiones

415 800 624 837 ordinarias
651 800 802 837 audiuit
825 813 893 848 per
915 801 1095 837 maiorem
1122 805 1269 848 partem
1291 802 1331 838 in
1353 805 1435 838 toto
1461 814 1547 838 cum
1571 801 1871 850 oppositionibus

415 863 455 895 et
491 859 797 906 responsionibus
829 859 1022 906 requisitis
1056 860 1246 896 sufficiant
1277 860 1311 896 ei
1343 860 1392 896 ad
1424 861 1607 908 complete
1638 863 1678 896 et
1710 860 1872 896 finaliter

414 917 743 954 determinandum
772 930 859 954 cum
884 918 1018 954 ceteris
1045 918 1160 954 huius
1190 918 1280 955 anni
1311 918 1667 956 determinatoribus
1690 919 1746 955 ita
1769 918 1870 966 quod

417 978 499 1013 eius
513 977 676 1013 eruditio
692 976 921 1024 approbetur
937 989 1004 1023 per
1019 977 1253 1024 oppositores
1268 982 1412 1014 vestros
1428 981 1468 1014 et
1482 980 1559 1014 stet
1575 978 1614 1014 in
1631 978 1768 1014 scholis
1784 990 1870 1014 cum

414 1036 550 1072 ceteris
571 1035 684 1072 huius
705 1036 796 1072 anni
819 1035 1097 1072 bacchalaureis

322 1095 464 1131 Eadem
486 1095 608 1143 gratia
623 1095 671 1131 de
687 1095 800 1131 verbo
819 1095 859 1130 in
879 1094 1034 1131 verbum
1052 1095 1269 1132 conceditur
1284 1095 1307 1132 J
1311 1095 1450 1132 ohanni
1469 1096 1620 1132 Machet

322 1154 422 1190 Item
434 1154 652 1190 conceditur
664 1153 848 1190 Edwardo
862 1153 1064 1190 Hawfarde
1076 1156 1120 1190 vt
1131 1153 1304 1190 vndecim
1317 1155 1469 1190 termini
1486 1155 1525 1190 in
1538 1154 1676 1201 quibus
1693 1154 1872 1191 lectiones

416 1212 624 1249 ordinarias
640 1211 790 1248 audiuit
805 1223 872 1259 per
888 1211 1069 1247 maiorem
1085 1215 1230 1258 partem
1248 1212 1287 1248 in
1304 1216 1387 1248 toto
1409 1225 1496 1249 cum
1519 1212 1818 1260 oppositionibus
1834 1217 1874 1249 et

415 1270 720 1318 responsionibus
757 1270 951 1317 requisitis
989 1270 1178 1307 sufficiant
1212 1271 1247 1307 ei
1275 1271 1323 1307 ad
1354 1271 1654 1319 respondendum
1682 1272 1870 1319 questioni

321 1330 462 1367 Eadem
498 1330 620 1377 gratia
652 1330 700 1367 de
732 1329 846 1366 verbo
879 1330 919 1365 in
954 1329 1110 1366 verbum
1141 1330 1359 1367 conceditur
1395 1330 1558 1367 dominis
1602 1331 1741 1368 Joanni
1775 1331 1870 1368 Dalo

416 1389 586 1426 Rolando
611 1389 772 1425 Bulcock
799 1388 997 1436 Rodulpho
1022 1388 1256 1436 Standysshe
1279 1393 1319 1425 et
1342 1389 1366 1425 J
1369 1390 1482 1426 oanni
1504 1389 1661 1426 Watson

191 1441 218 1480 f.
244 1443 266 1480 2
279 1455 302 1480 a
323 1448 420 1484 Item
444 1447 755 1484 determinatores
777 1446 921 1494 collegii
945 1447 1094 1494 Regalis
1115 1446 1187 1483 hoc
1210 1459 1311 1483 anno
1333 1450 1424 1483 sunt
1447 1447 1590 1484 domini
1614 1447 1753 1495 Rogers
1779 1447 1869 1484 Gra-

414 1518 530 1543 voner
561 1505 692 1542 Sadler
719 1508 760 1541 et
784 1505 980 1540 Lanckton
1010 1504 1149 1551 quibus
1173 1516 1294 1552 neque
1318 1505 1439 1551 petita
1463 1516 1584 1552 neque
1608 1517 1783 1542 concessa
1813 1511 1872 1542 est

413 1563 645 1612 dispensatio
669 1563 850 1610 temporis
875 1574 943 1598 nec
968 1562 1087 1598 forme

321 1625 419 1661 Item
449 1624 665 1660 conceditur
693 1622 850 1670 Georgio
880 1622 1019 1658 Sutton
1048 1626 1089 1658 vt
1117 1634 1251 1658 novem
1278 1622 1431 1658 termini
1461 1622 1500 1658 in
1527 1621 1666 1669 quibus
1693 1622 1870 1658 lectiones

413 1683 622 1720 ordinarias
645 1682 794 1719 audiuit
818 1693 885 1729 per
910 1682 1090 1718 maiorem
1116 1685 1263 1729 partem
1290 1682 1329 1718 in
1358 1685 1440 1718 toto
1462 1694 1549 1718 cum
1573 1681 1872 1729 oppositionibus

413 1747 453 1779 et
472 1741 778 1789 responsionibus
794 1741 987 1788 requisitis
1011 1741 1202 1777 sufficiant
1217 1740 1251 1777 ei
1269 1753 1337 1788 pro
1353 1741 1549 1788 completis
1564 1741 1682 1788 gradu
1698 1743 1737 1777 et
1752 1741 1873 1778 forma

414 1800 745 1837 bacchalaureatus
767 1800 807 1836 in
829 1798 976 1836 artibus
1025 1799 1079 1835 ita
1101 1798 1202 1846 quod
1224 1800 1306 1835 eius
1334 1799 1496 1836 eruditio
1525 1800 1629 1847 prius
1659 1800 1872 1836 examinata

411 1863 452 1896 et
472 1859 681 1907 approbata
702 1859 816 1895 fuerit
839 1870 905 1906 per
926 1859 1126 1905 magistros
1149 1858 1233 1906 Byll
1259 1862 1298 1895 et
1322 1858 1483 1895 Haddon
1518 1858 1618 1895 diem
1647 1859 1747 1895 euim
1773 1859 1871 1896 cine·

413 1931 497 1955 rum
521 1918 734 1966 proximum
756 1918 838 1956 sine
861 1917 1025 1953 maximo
1041 1917 1123 1953 eius
1138 1917 1335 1965 dispendio
1351 1920 1390 1953 et
1414 1916 1654 1953 exhibitionis
1673 1929 1740 1953 sue
1756 1929 1870 1964 quam

415 1976 530 2014 habet
546 1989 569 2013 a
587 1977 703 2024 Regia
720 1977 931 2024 Magestate
946 1976 1148 2012 amissione
1165 1979 1359 2023 expectem
1376 1987 1450 2011 non
1467 1978 1594 2023 potest

322 2037 418 2073 Item
442 2036 661 2073 conceditur
679 2036 819 2073 Joanni
842 2036 990 2083 Grygge
1013 2038 1055 2071 vt
1078 2034 1275 2071 duodecim
1298 2034 1450 2071 termini
1474 2035 1512 2071 in
1535 2033 1673 2082 quibus
1695 2035 1872 2072 lectiones

412 2094 620 2131 ordinarias
649 2094 799 2131 audiuit
823 2105 890 2141 per
913 2094 1093 2130 maiorem
1118 2096 1265 2140 partem
1291 2092 1330 2128 in
1355 2095 1436 2129 toto
1458 2104 1544 2129 cum
1570 2092 1692 2129 tribus
1721 2105 1870 2142 respon—

410 2153 580 2190 sionibus
601 2153 790 2189 sufficiant
811 2153 844 2189 ei
870 2152 918 2189 ad
944 2151 1243 2200 respondendum
1267 2152 1456 2199 questioni

319 2213 458 2250 Eadem
481 2213 602 2260 gratia
623 2212 670 2249 de
695 2211 808 2248 verbo
828 2212 867 2248 in
885 2211 1041 2248 verbum
1070 2211 1287 2248 conceditur
1305 2211 1464 2248 anrido
1481 2211 1642 2260 Tyndall
1666 2212 1870 2260 Reginaldo

413 2271 616 2308 Middilton
642 2271 831 2308 Gulielmo
856 2271 1032 2318 Templer
1055 2273 1095 2307 et
1121 2270 1313 2308 Leonardo
1339 2270 1507 2307 Pollarde

320 2331 417 2367 Item
435 2330 653 2367 conceditur
669 2330 857 2367 Gulielmo
880 2329 1042 2367 Bownde
1060 2333 1103 2366 vt
1124 2341 1259 2366 novem
1281 2329 1434 2367 termini
1453 2341 1539 2366 cum
1561 2330 1721 2367 termino
1738 2331 1776 2367 in
1795 2343 1870 2379 quo

411 2393 470 2425 est
486 2388 809 2425 determinaturus
825 2389 863 2424 in
881 2387 1020 2436 quibus
1037 2387 1214 2424 lectiones
1226 2387 1434 2424 ordinarias
1445 2387 1594 2425 audiuit
1610 2400 1676 2436 per
1691 2389 1868 2426 maiorem

412 2451 557 2494 {mrtem
582 2447 620 2483 in
648 2449 730 2482 toto
756 2458 842 2483 cum
865 2446 1166 2494 oppositionibus
1188 2450 1227 2483 et
1251 2446 1554 2495 responsionibus
1578 2447 1769 2495 requisitis
1793 2449 1869 2485 sus-

412 2506 542 2542 ficiant
558 2505 591 2541 ei
609 2504 657 2541 ad
676 2505 975 2553 respondendum
993 2505 1181 2552 questioni

319 2564 415 2600 Item
429 2563 647 2600 conceditur
660 2562 843 2599 Edwardo
859 2562 980 2610 Ledys
993 2567 1035 2599 vt
1056 2565 1099 2599 10
1113 2562 1263 2599 termini
1277 2574 1363 2599 cum
1377 2574 1420 2599 eo
1435 2562 1472 2598 in
1486 2574 1561 2610 quo
1573 2566 1632 2600 est
1644 2562 1869 2601 determina-

412 2627 520 2659 turus
538 2622 575 2659 in
590 2621 729 2670 quibus
747 2621 925 2659 lectiones
941 2621 1149 2659 ordinarias
1160 2621 1308 2659 audiuit
1322 2633 1387 2669 per
1399 2621 1576 2659 maiorem
1590 2625 1735 2670 partem
1749 2624 1870 2661 ouius-

411 2682 502 2718 libet
515 2681 665 2718 termini
683 2692 770 2718 cum
783 2680 1084 2729 oppositionibus
1100 2685 1140 2718 et
1153 2681 1456 2729 responsionibus
1473 2681 1664 2728 requisitis
1680 2682 1870 2720 sufficiant

409 2740 504 2776 eiad
519 2739 676 2776 fideliter
687 2739 1115 2778 determinandum-oum
1132 2740 1266 2777 ceteris
1277 2739 1631 2777 determinatur-ibus
1648 2740 1760 2778 huius
1776 2743 1866 2779 anni

410 2800 463 2836 ita
482 2798 581 2846 quod
599 2799 680 2835 eius
696 2798 858 2836 eruditio
874 2804 913 2835 et
930 2810 1050 2836 mores
1066 2799 1329 2836 examinentur
1346 2802 1386 2836 et
1401 2798 1654 2848 approbentur
1672 2811 1737 2847 per
1753 2812 1866 2848 appo-

408 2858 543 2895 sitores
561 2863 703 2895 vestros
719 2863 759 2895 et
774 2863 852 2896 stet
875 2858 913 2895 in
931 2858 1069 2896 scholis
1086 2870 1172 2896 oum
1189 2858 1324 2896 ceteris
1342 2858 1454 2897 buius
1478 2859 1568 2898 anni
1593 2858 1869 2898 bacchalaureis
