2046 3224
166 172 386 228 1550-51]
754 178 906 212 unser:
936 178 1059 211 Boon
1090 179 1121 210 Δ
1659 165 1713 208 69

775 527 1104 584 [1550—1551]

166 683 317 726 Gracie
330 684 423 726 sine
434 683 673 741 petitiones
685 697 884 725 concesse
897 682 940 724 in
957 682 1085 738 plena
1096 680 1432 738 congregatione
1446 679 1711 737 Regentium
1732 684 1759 723 f.
1783 685 1834 722 28
1853 684 1880 721 b

284 758 329 795 et
350 768 435 796 non
458 752 722 810 Regentium
744 767 770 794 a
792 752 902 794 festo
923 751 1061 794 sancti
1088 750 1312 793 Michaelis
1333 748 1580 805 archangeli
1602 763 1715 790 anno

288 825 399 865 1550
436 838 568 880 vsque
608 822 661 865 ad
705 822 835 865 iidem
875 822 1034 864 festum
1070 836 1123 863 ex
1161 826 1265 862 tunc
1301 819 1495 877 proxime
1531 832 1716 876 sequens

283 892 452 935 Joanne
475 892 668 935 Madewe
690 907 807 935 sacre
829 891 1046 948 theologie
1075 890 1312 948 professore
1342 897 1447 932 tunc
1473 886 1715 945 procancel-

287 960 391 1002 lario
421 967 467 1003 et
499 960 718 1018 magistris
748 960 922 1003 Andrea
953 959 1137 1002 Pereson
1169 964 1214 1000 et
1241 958 1412 1000 Joanne
1441 956 1591 999 Ebden
1621 970 1716 1012 pro-

285 1029 556 1072 curatoribus

655 1165 963 1210 Bacchalaurei
995 1164 1039 1207 in
1072 1163 1242 1207 artibus

173 1297 217 1333 In
244 1298 377 1344 primis
404 1297 622 1334 conceditur
654 1296 842 1333 Willelmo
874 1295 988 1332 Owen
1023 1299 1064 1332 vt
1096 1294 1292 1331 duodecim
1326 1294 1477 1330 termini
1511 1294 1550 1329 in
1583 1292 1722 1340 quibus

265 1356 442 1392 lectiones
475 1356 683 1392 ordinarias
721 1355 869 1392 audiuit
901 1354 990 1390 licet
1023 1366 1097 1390 nou
1131 1353 1285 1389 omnino
1323 1352 1528 1391 secundum
1562 1353 1721 1389 sormam

265 1416 401 1451 statuti
429 1427 514 1459 cum
544 1414 844 1462 oppositionibus
872 1419 911 1450 et
939 1413 1245 1461 responsionibus
1273 1417 1313 1449 et
1338 1413 1422 1449 aliis
1446 1412 1634 1448 exercitiis
1658 1423 1723 1459 per

234 1468 243 1475 ”
266 1472 365 1519 regia
381 1475 528 1509 statuta
543 1472 735 1520 requisitis
750 1472 939 1508 sufficiant
955 1472 989 1508 ei
1006 1471 1054 1508 ad
1071 1470 1372 1519 respondendum
1389 1470 1576 1518 questioni

173 1531 314 1568 Eadem
336 1532 456 1578 gratia
480 1531 526 1568 de
552 1531 664 1568 verbo
688 1532 727 1568 in
753 1531 909 1568 verbum
934 1531 1152 1568 conceditur
1176 1532 1320 1567 Thome
1346 1530 1509 1566 Burham
1538 1529 1724 1565 Gulielmo

267 1589 427 1637 Hollyns
451 1594 490 1625 et
516 1589 702 1625 Richardo
727 1589 860 1626 Oaroer

174 1649 272 1685 Item
289 1649 506 1695 conceditur
529 1649 715 1685 Richardo
739 1649 852 1685 Besto
875 1652 916 1685 vt
938 1648 1135 1685 duodecim
1158 1649 1310 1685 termini
1329 1648 1368 1684 in
1391 1647 1529 1694 quibus
1547 1647 1724 1683 lectiones

266 1707 472 1745 ordinarias
497 1708 645 1745 audiuit
669 1709 757 1744 licet
782 1720 856 1744 non
882 1708 1035 1744 omnino
1058 1707 1266 1744 secundum
1292 1708 1450 1744 formam
1476 1706 1612 1742 statuti
1638 1717 1723 1742 cum

267 1768 566 1816 oppositionibus
598 1771 638 1804 et
670 1767 975 1815 responsionibus
1000 1767 1192 1814 requisitis
1218 1766 1424 1802 secundum
1451 1766 1550 1812 regia
1579 1768 1725 1801 statuta

267 1827 455 1863 sufficiant
478 1827 512 1862 ei
537 1826 585 1863 ad
610 1826 911 1874 respondendum
936 1826 1125 1874 questioni

174 1886 316 1923 Eadem
348 1886 470 1933 gratia
501 1886 548 1922 de
578 1885 690 1922 verbo
717 1886 756 1922 in
783 1885 939 1922 verbum
972 1885 1189 1921 conceditur
1218 1885 1376 1931 Georgio
1409 1884 1546 1932 Catlyn
1577 1883 1726 1919 Andree

269 1944 455 1981 Hatchett
487 1944 630 1981 'rhome
662 1944 903 1980 Jenkensono
937 1943 1100 1979 Roberto
1133 1943 1258 1979 Cooke
1289 1943 1434 1979 'rhome
1467 1942 1649 1978 Bastanle
1687 1947 1726 1977 et

269 2003 456 2040 Willelmo
480 2002 663 2051 Clyberye

176 2063 274 2099 Item
300 2063 518 2099 conceditur
547 2063 711 2099 Henrico
737 2063 893 2110 Bowyar
919 2065 959 2098 vt
984 2074 1118 2098 novem
1144 2061 1295 2097 termini
1322 2061 1360 2097 in
1385 2059 1525 2108 quibus
1548 2060 1727 2096 lectiones

268 2121 474 2157 ordinarias
497 2121 646 2157 audiuit
670 2121 759 2156 licet
784 2133 857 2156 non
883 2120 1037 2156 omnino
1061 2119 1267 2156 secundum
1295 2120 1453 2155 formam
1478 2120 1614 2155 statuti
1640 2131 1726 2155 cum

269 2179 567 2228 oppositionibus
583 2185 622 2216 et
645 2179 950 2227 responsionibus
971 2183 1010 2215 et
1030 2178 1147 2227 alii[s]
1162 2179 1350 2214 exercitiis
1371 2190 1438 2226 per
1459 2178 1560 2225 regia
1580 2182 1728 2214 statuta

270 2239 461 2286 requisitis
493 2239 681 2274 sufficiant
707 2239 740 2274 ei
770 2238 819 2274 ad
852 2237 1154 2285 respondendum
1188 2237 1377 2284 questioni
1428 2237 1489 2273 Ita
1521 2237 1621 2284 quod
1647 2238 1728 2272 eius

269 2298 430 2334 eruditio
458 2302 497 2333 et
524 2309 646 2333 mores
669 2298 774 2345 prius
798 2297 1062 2333 examinentur
1089 2300 1128 2332 et
1152 2296 1410 2344 approbentur
1434 2308 1501 2344 per
1529 2297 1727 2342 magistros

269 2357 407 2406 Taylor
429 2360 469 2393 et
494 2356 660 2392 Mahewe
683 2356 917 2404 oppositores
941 2356 1055 2392 huius
1079 2357 1169 2392 anni

178 2418 276 2454 Item
309 2416 525 2452 conceditur
555 2416 694 2452 Joanni
729 2415 852 2451 Fowlo
886 2418 928 2451 vt
960 2415 1088 2451 decem
1122 2415 1274 2451 termini
1308 2415 1485 2462 completi
1518 2414 1556 2450 in
1589 2414 1727 2461 quibus

271 2476 447 2512 lectiones
460 2474 667 2511 ordinarias
679 2474 828 2511 audiuit
840 2486 926 2510 cum
940 2474 1242 2522 oppositionibus
1253 2478 1292 2511 et
1305 2474 1610 2521 responsionibus
1623 2475 1728 2510 iuxta

272 2535 428 2570 formam
446 2533 582 2569 statuti
601 2534 793 2580 requisitis
809 2534 998 2569 sufficiant
1014 2534 1047 2569 ei
1065 2533 1112 2569 ad
1131 2533 1431 2580 respondendum
1449 2532 1636 2580 questioni

180 2593 276 2629 Item
309 2591 526 2628 conceditur
558 2591 741 2627 Nicholao
773 2591 968 2628 Wendono
1000 2596 1042 2628 vt
1074 2591 1270 2628 duodecim
1304 2591 1455 2627 termini
1487 2590 1662 2638 completi
1689 2590 1726 2625 in

273 2652 411 2698 quibus
423 2651 601 2686 lectiones
613 2651 821 2687 ordinarias
830 2651 980 2687 audiuit
992 2651 1079 2687 licet
1093 2663 1166 2687 non
1180 2651 1333 2686 omnino
1345 2650 1550 2686 secundum
1568 2650 1726 2685 formam

273 2709 409 2745 statuti
436 2720 522 2744 cum
555 2708 855 2756 oppositionibus
881 2712 920 2744 et
945 2709 1249 2756 responsionibus
1274 2712 1314 2744 et
1341 2708 1426 2744 aliis
1451 2708 1638 2744 exercitiis
1662 2720 1729 2755 per

273 2769 372 2816 regia
388 2772 534 2804 statuta
550 2769 743 2815 requisitis
760 2769 949 2804 sufficiant
964 2769 998 2804 ei
1016 2768 1063 2804 ad
1082 2768 1381 2815 respondendum
1399 2767 1587 2814 questioni
1682 2765 1684 2768 ’

181 2828 323 2865 Eadem
348 2827 470 2874 gratia
492 2827 539 2863 de
567 2828 680 2863 verbo
713 2827 752 2862 in
786 2826 943 2863 verbum
972 2827 1189 2863 conceditur
1215 2827 1378 2862 Henrico
1407 2826 1503 2861 Stilo
1530 2825 1729 2861 Ambrosio

276 2885 529 2931 Ethringtono
547 2885 732 2921 Richardo
748 2885 930 2921 Audeano
947 2885 969 2920 J
973 2886 1084 2920 oanni
1103 2885 1124 2920 J
1128 2885 1264 2931 efl'reye
1281 2888 1319 2919 et
1332 2884 1535 2920 Valentino
1552 2883 1685 2919 Talero
