2008 3294
147 161 366 217 1577-78]
732 171 887 203 emon:
918 170 1041 202 BOOK
1073 170 1102 200 Δ
1611 151 1693 196 307

145 276 490 371 Gcoldingham}Ma
513 306 536 342 d
663 277 778 312 Holte
1178 270 1335 318 Ambrie
1358 280 1374 372 ἓ
1460 274 1581 345 Magd

147 335 309 382 Paynter
490 318 513 353 g
539 334 548 342 ⁶
661 334 880 371 Ainsworth
940 363 964 399 J
1180 329 1345 367 Holland
1576 325 1584 334 ⁶

147 393 235 428 Hall
425 394 498 429 Tri.
661 393 803 429 Gamet
967 375 999 399 ⁰⁶
1181 389 1321 425 Parker
1458 386 1484 422 J
1485 399 1518 424 ο.

145 454 303 500 Lyniere
424 453 477 490 Cl.
661 451 865 499 Trayforde
891 295 916 494 }
1180 445 1336 482 Laband
1374 447 1390 539 }
1463 474 1496 510 Τ
1518 474 1526 482 .

145 513 269 548 Cooke
311 518 321 587 Q
664 512 888 606 Meryman}
945 510 1055 557 Corp.
1067 508 1154 546 Chr.
1184 505 1367 553 Ratclyffe
1497 486 1539 511 η’

147 571 294 607 Robson
426 571 450 606 J
453 582 484 606 ο.
663 570 781 607 Wade
945 569 1033 606 Chr.
1183 564 1347 602 Gruffith
1365 565 1422 611 (ἵ)
1465 562 1587 609 Magd.

145 587 329 678 Vpchar(
665 630 790 676 Longe
947 628 997 666 G.·
1009 630 1048 664 et
1065 627 1106 664 C.
1183 623 1285 661 Setle
1341 624 1357 715 ἱ,
1465 652 1489 688 J

146 691 284 727 Dacres
426 689 591 736 Reginal.
662 689 826 736 Halyfax
943 687 1054 734 Corp.
1067 685 1154 722 Chr.
1183 684 1332 721 Croftes
1491 663 1522 688 ε’

146 749 315 785 Osborne
427 748 513 784 Chr.
665 748 812 796 Henley
945 747 1021 783 Tri.
1185 743 1346 780 Bracket
1467 740 1511 776 G.
1529 739 1560 775 δι
1577 739 1616 776 C.

146 808 275 854 Davye
427 807 534 853 Corp.
548 806 634 843 Chr.
664 806 760 842 Dixe
948 805 1057 852 Corp.
1070 803 1157 839 Chr.
1186 801 1303 837 Sewel
1468 798 1543 835 Tri.

147 865 327 901 Marshall
427 866 593 912 Reginal.
663 865 802 902 Corbet
948 865 1023 900 Tri.
1185 860 1336 907 Wright
1469 858 1513 894 G.
1531 857 1561 894 δι
1577 857 1618 893 C.

147 924 340 1018 Whitnel}
429 954 493 989 Tri
668 924 787 961 Pecke
949 924 1057 970 Corp.
1071 922 1157 959 Chr.
1187 920 1330 956 Holton
1369 926 1385 1018 ἓ
1467 947 1531 983 Tri

148 984 278 1020 Hoode
496 981 504 990 '
665 982 902 1018 Williamson
1185 980 1355 1026 Negoose
1534 974 1542 982 '

147 1044 303 1079 Watson
428 1042 514 1078 Chr.
666 1041 825 1089 Smythe
919 980 945 1143 }
959 1040 983 1076 J
985 1052 1017 1077 o.
1187 1039 1264 1074 Roe
1473 1034 1559 1071 Aul.
1578 1034 1654 1070 Tri.

147 1103 338 1138 Bai-crofte
427 1102 503 1138 Tri.
666 1100 787 1147 Ingall
1186 1096 1305 1132 For-th
1470 1093 1595 1130 Pemb.

149 1159 275 1195 White
429 1158 551 1204 Magd.
666 1157 848 1193 Marshau
1188 1153 1341 1190 Poulter

148 1218 329 1253 Sherston
428 1217 514 1252 Chr.
665 1216 808 1251 Boston
858 1169 873 1258 i
950 1185 995 1221 G‘
1013 1184 1044 1221 ἃ
1061 1184 1101 1221 G'
1188 1214 1293 1261 Keye
1349 1160 1365 1253 i
1465 1181 1553 1218 Chr'

147 1277 314 1312 Fuliame
429 1276 525 1311 Petr.
666 1275 827 1322 Spenser
950 1273 1076 1310 Pemb.
1188 1273 1380 1309 Hammon
1469 1270 1512 1307 G.
1531 1270 1561 1306 δι
1578 1269 1619 1306 C.

146 1335 169 1370 J
173 1346 262 1370 ones
428 1333 515 1370 Chr.
666 1333 790 1368 Bacon
948 1331 1035 1367 Chr.
1186 1331 1391 1378 Swaynson
1469 1327 1634 1374 Reginal.

667 1392 781 1439 Kyng
945 1391 967 1427 J
971 1402 1003 1426 o.
1185 1389 1335 1426 Sei-iant
1467 1387 1491 1424 J
1493 1398 1542 1423 es.

1386 1449 1455 1483 115

151 1668 379 1705 Conceditur
402 1671 448 1703 20
471 1667 561 1703 Maii
585 1666 619 1702 d.
643 1667 785 1702 Thome
809 1665 906 1702 Hale
928 1666 967 1701 in
990 1664 1136 1701 artibus
1159 1664 1425 1700 bacchalaureo
1449 1663 1489 1698 in
1511 1662 1703 1698 academia

246 1728 447 1764 Oxoniensi
465 1729 523 1774 (vt
544 1738 611 1774 per
632 1726 762 1762 literas
780 1725 1067 1770 testimoniales)
1084 1728 1127 1760 vt
1143 1725 1194 1760 sit
1211 1724 1249 1760 in
1267 1723 1423 1760 eiisdem
1439 1722 1557 1769 gradu
1574 1722 1704 1758 ordine

245 1790 284 1823 et
300 1798 399 1822 anno
415 1785 516 1833 apud
533 1797 601 1820 nos
617 1783 756 1832 quibus
772 1784 846 1820 fuit
862 1784 902 1819 in
918 1783 1088 1830 predicta
1103 1782 1295 1819 academia

151 1846 378 1883 Conceditur
396 1848 438 1883 17
456 1845 479 1881 J
483 1845 627 1881 anuarii
645 1847 687 1881 vt
709 1843 887 1890 magister
909 1842 1065 1890 Egidius
1088 1842 1260 1878 Fletcher
1281 1844 1320 1878 et
1343 1841 1549 1878 Nicholaus
1566 1841 1702 1878 Athow
1721 1833 1747 1874 f.
1774 1835 1850 1872 122
1866 1835 1892 1871 b

246 1906 324 1942 sint
341 1908 466 1942 vestra
486 1905 711 1940 auctoritate
733 1903 1007 1940 examinatores
1023 1905 1063 1939 et
1079 1902 1221 1939 iudices
1237 1902 1573 1949 questionistarum
1590 1901 1704 1937 huius

244 1966 334 2001 anni
355 1965 409 2001 sic
426 1967 468 2000 vt
489 1975 613 2000 coram
637 1965 772 1999 senatu
794 1962 972 1998 iuditium
996 1965 1035 1997 et
1057 1961 1286 1998 sententiam
1309 1961 1434 1997 ferant
1453 1960 1493 1996 in
1510 1960 1587 1996 vim
1606 1960 1702 1996 iura-

246 2023 365 2059 menti
381 2023 486 2070 prius
502 2021 741 2058 vniuersitati
758 2021 907 2068 prestiti

152 2081 378 2119 Conceditur
393 2081 523 2118 eodem
535 2084 577 2117 vt
589 2080 838 2127 questioniste
854 2080 1002 2127 possint
1017 2079 1240 2126 respondere
1253 2078 1442 2126 questioni
1460 2081 1547 2125 post
1563 2078 1703 2115 festum

245 2141 519 2190 purificacionis
534 2140 644 2177 beate
661 2140 780 2176 Mario
797 2151 871 2176 non
889 2139 1066 2176 obstante
1082 2141 1230 2175 statuto
1246 2139 1407 2186 antiquo

736 2418 935 2475 Magistri
965 2418 1126 2461 artium

156 2565 247 2602 Coll.
275 2566 404 2600 sancte
430 2563 532 2600 Trin.
582 2562 810 2600 Conceditur
842 2565 885 2598 15
915 2562 1045 2598 Martii
1074 2561 1228 2597 domino
1262 2561 1426 2597 Roberto
1459 2561 1632 2596 Talboise
1660 2560 1704 2596 ex

252 2624 404 2670 collegio
431 2626 562 2659 sancte
590 2622 791 2658 Trinitatis
819 2625 861 2658 vt
890 2633 1024 2657 novem
1054 2620 1206 2656 termini
1235 2620 1411 2666 completi
1440 2623 1526 2666 post
1554 2620 1702 2656 finalem

253 2683 334 2719 eius
365 2681 719 2718 determinacionem
751 2680 789 2716 iu
820 2679 958 2727 quibus
990 2680 1170 2716 lectiones
1201 2679 1410 2715 ordinarias
1441 2679 1586 2715 audivit
1618 2679 1706 2715 licet

252 2752 327 2777 non
352 2740 504 2776 omnino
531 2738 738 2775 secundum
767 2738 927 2775 formam
951 2738 1088 2774 statuti
1113 2748 1200 2773 cum
1225 2737 1527 2784 opposicionibus
1555 2749 1705 2784 respon-

253 2799 422 2836 sionibus
443 2802 482 2834 et
503 2798 588 2834 aliis
610 2797 796 2834 exercitiis
818 2808 886 2844 per
906 2799 1054 2832 statuta
1076 2795 1177 2842 regia
1193 2795 1386 2842 requisitis
1403 2795 1591 2831 sufficiant
1607 2796 1640 2831 ei
1657 2795 1705 2832 ad

253 2857 508 2905 incipiendum
525 2857 565 2892 in
581 2855 727 2892 artibus
1667 2865 1670 2867 “

1463 2924 1594 2962 20—2
1644 2894 1650 2898 -
