2008 3216
117 143 334 199 1555-56]
697 155 849 187 GRAcn
881 156 1005 187 BOOK
1037 155 1066 186 Δ
1577 143 1661 184 113

571 404 876 469 Bacchalaurei
908 426 954 469 in
986 426 1208 484 theologia

115 550 162 586 In
187 550 320 598 primis
344 551 562 587 conceditur
579 551 766 588 Willelmo
792 551 872 587 Bell
896 554 938 587 vt
962 551 1132 588 studium
1157 564 1181 587 x
1204 563 1389 588 annorum
1413 552 1453 588 in
1477 551 1664 598 theologia

208 620 283 644 vna
306 621 393 645 cum
418 609 564 646 duobus
588 610 823 646 sermonibus
845 622 919 646 vno
941 610 988 646 ad
1012 610 1152 646 clerum
1175 610 1294 646 altero
1315 611 1363 646 ad
1385 623 1532 647 crucem
1557 610 1663 646 Pauli

209 670 249 703 et
270 679 356 704 cum
376 680 450 704 vna
472 669 711 716 responsione
733 669 791 705 vel
814 668 986 716 pluribus
1009 670 1041 705 si
1063 670 1260 716 exigantur
1281 682 1381 706 anno
1402 670 1571 717 proximo
1593 669 1664 705 sub

208 739 306 774 pena
329 727 519 764 caucionis
542 728 654 764 realis
677 731 842 775 quatuor
868 740 1080 765 marcarum
1107 729 1279 776 ponende
1307 730 1348 766 in
1377 729 1553 766 manibus
1582 741 1664 776 pro-

209 789 426 823 curatorum
448 789 653 834 antequam
678 787 909 823 admittatur
931 788 1094 824 sufficiat
1116 789 1150 825 ei
1173 789 1222 825 ad
1245 789 1465 825 intrandum
1488 789 1528 826 in
1551 789 1666 825 libros

209 846 487 883 sententiarum
546 847 608 883 Sic
629 847 731 894 quod
753 847 983 884 admittatur
1004 851 1085 884 tam
1109 848 1157 884 ad
1180 848 1446 896 opponendum
1470 860 1585 896 quam
1610 848 1665 885 iu-

209 905 389 941 trandum
406 906 502 942 citra
517 906 711 942 commitia
727 907 898 953 proxima

117 964 216 1001 Item
244 964 464 1001 conceditur
491 966 672 1012 magistro
697 966 863 1002 Vincent
886 968 929 1002 vt
955 966 1129 1002 studium
1155 968 1176 1004 7
1202 978 1388 1003 annornm
1416 967 1455 1002 in
1481 967 1668 1014 theologia

209 1027 412 1072 postquam
434 1025 572 1062 rexerit
594 1026 634 1062 in
656 1025 803 1062 artibus
826 1037 913 1062 cum
936 1025 1084 1062 duobus
1106 1026 1343 1062 sermonibus
1361 1038 1434 1062 vno
1454 1026 1502 1062 ad
1524 1026 1666 1063 clerum

210 1083 329 1120 altero
361 1084 410 1121 ad
441 1096 590 1121 crucem
624 1084 732 1121 Pauli
765 1087 804 1121 et
837 1097 923 1121 cum
957 1096 1032 1121 vna
1063 1085 1306 1132 responsione
1338 1084 1398 1120 vel
1431 1084 1601 1131 pluribus
1633 1085 1665 1121 si

209 1143 408 1190 exigantur
446 1155 547 1180 anno
587 1143 758 1191 proximo
795 1142 868 1180 sub
903 1155 1002 1190 pena
1035 1143 1226 1179 caucionis
1258 1146 1422 1190 quatuor
1455 1155 1666 1179 marcarum

210 1202 380 1250 ponende
413 1203 453 1239 in
486 1202 662 1239 manibus
694 1205 981 1251 procuratorum
1013 1205 1220 1250 antequam
1248 1202 1478 1239 admittatur
1505 1203 1667 1238 sufficiat

209 1261 244 1298 ei
267 1261 315 1298 ad
337 1261 558 1299 intrandum
581 1262 622 1298 in
644 1261 761 1298 libros
784 1262 1060 1298 sententiarum
1097 1291 1110 1303 ,
1127 1261 1189 1298 Sic
1211 1261 1312 1308 quod
1334 1261 1563 1298 admittatur
1587 1265 1667 1297 tam

210 1319 260 1356 ad
275 1321 541 1368 opponendum
557 1333 674 1369 quam
691 1320 912 1357 intrandum
930 1320 1027 1357 citra
1043 1320 1237 1356 commitia
1253 1310 1423 1368 proxima

116 1379 257 1416 Eadem
275 1380 398 1427 gratia
413 1381 461 1417 de
476 1380 591 1418 verbo
607 1381 647 1417 in
665 1380 824 1418 verbum
841 1381 1060 1417 conceditur
1076 1381 1258 1428 magistro
1275 1380 1370 1417 Dale

118 1440 218 1476 Item
237 1440 454 1477 conceditur
473 1441 654 1488 magistro
678 1440 894 1477 Hartborne
911 1444 954 1478 vt
970 1441 1141 1478 studium
1161 1444 1204 1477 12
1222 1453 1405 1478 annorum
1426 1442 1465 1477 in
1482 1441 1670 1488 theologia

210 1502 414 1547 postquam
436 1500 575 1537 rexerit
598 1501 637 1537 in
660 1501 808 1537 artibus
832 1513 919 1537 cum
942 1500 1091 1537 duobus
1114 1501 1352 1537 sermonibus
1369 1513 1443 1537 vno
1459 1501 1507 1537 ad
1528 1501 1669 1537 clerum

212 1558 331 1595 altero
363 1558 411 1595 ad
444 1571 592 1596 crucem
627 1559 733 1596 Pauli
766 1562 807 1596 et
838 1571 926 1596 cum
959 1571 1033 1595 vna
1066 1559 1308 1607 responsione
1338 1559 1397 1595 vel
1430 1559 1604 1607 pluribus
1636 1560 1668 1596 si

211 1617 410 1665 exigantur
425 1618 522 1654 citra
538 1618 733 1655 commitia
749 1619 920 1666 proxima
939 1618 1011 1654 sub
1031 1631 1129 1666 pena
1145 1619 1335 1655 caucionis
1352 1619 1463 1655 realis
1479 1619 1533 1666 liij
1547 1631 1566 1655 s
1582 1619 1635 1667 iiij
1646 1619 1671 1655 d

212 1677 382 1725 ponende
402 1678 443 1714 in
463 1678 640 1715 manibus
661 1682 947 1726 procuratorum
970 1681 1176 1726 antequam
1199 1679 1430 1715 admittatur
1450 1679 1613 1715 sufficiat
1637 1679 1671 1715 ei

212 1740 294 1774 tam
315 1737 364 1774 ad
386 1738 652 1785 opponendum
675 1750 790 1785 quam
814 1738 1036 1775 intrandum
1059 1739 1098 1775 in
1118 1751 1225 1775 sacra
1244 1740 1434 1786 theologia
1492 1739 1554 1775 Sic
1571 1739 1672 1786 quod

211 1795 440 1832 admittatur
454 1796 503 1833 ad
519 1797 701 1844 placitum
718 1799 758 1833 et
774 1800 852 1833 stet
869 1809 1063 1844 opponens
1081 1809 1199 1844 vsque
1216 1797 1263 1834 ad
1282 1798 1424 1834 festum
1443 1797 1613 1834 Barnabe

119 1855 219 1892 Item
250 1855 468 1892 conceditur
499 1857 681 1903 magistro
714 1856 846 1892 Shawe
875 1860 918 1893 vt
951 1857 1122 1893 studium
1151 1860 1172 1892 5
1202 1869 1388 1893 annorum
1418 1857 1457 1893 in
1486 1857 1674 1904 theologia

212 1918 414 1962 postquam
436 1916 575 1952 rexerit
597 1917 636 1952 in
660 1916 808 1953 artibus
830 1928 916 1952 cum
939 1916 1088 1953 duobus
1110 1916 1346 1953 sermonibus
1366 1929 1440 1952 vno
1462 1916 1509 1952 ad
1532 1917 1673 1953 clerum

213 1975 331 2011 altero
362 1975 411 2012 ad
443 1987 592 2012 crucem
626 1976 734 2012 Pauli
762 1978 802 2013 et
830 1988 916 2012 cum
946 1976 1057 2012 vnica
1085 1977 1327 2024 responsione
1356 1976 1452 2012 citra
1480 1977 1675 2012 commitia

213 2035 383 2082 proxima
405 2035 568 2072 sufficiat
590 2036 623 2072 ei
646 2036 694 2072 ad
715 2035 937 2072 intrandum
959 2036 999 2071 in
1019 2035 1136 2071 libros
1162 2036 1438 2071 sententiarum
1491 2036 1552 2072 Sic
1572 2036 1673 2083 quod

213 2091 440 2128 admittatur
460 2092 509 2129 ad
531 2093 797 2141 opponendum
818 2094 917 2130 infra
940 2093 1099 2130 biduum
1121 2097 1160 2130 et
1182 2097 1259 2130 stet
1281 2106 1474 2142 opponens
1491 2106 1609 2141 vsque
1624 2095 1672 2131 ad

213 2151 354 2188 festum
376 2151 546 2188 Barnabe

121 2210 220 2246 Item
243 2209 461 2247 conceditur
481 2212 663 2259 magistro
685 2212 798 2260 Edyll
814 2215 858 2248 vt
879 2212 1049 2249 studium
1066 2215 1089 2248 6
1106 2224 1291 2248 annorum
1309 2213 1348 2248 in
1366 2213 1554 2260 theologia
1570 2217 1671 2260 post-

214 2281 330 2317 quam
346 2271 485 2307 rexerit
501 2270 540 2307 in
557 2271 705 2308 artibus
721 2284 808 2308 cum
825 2271 974 2308 duobus
990 2272 1227 2308 sermonibus
1239 2285 1314 2308 vno
1330 2272 1377 2309 ad
1395 2273 1536 2309 clerum
1553 2273 1673 2309 altero

214 2329 263 2365 ad
287 2341 435 2366 crucem
461 2330 568 2367 Pauli
593 2334 633 2367 et
656 2343 741 2367 cum
767 2343 842 2368 vna
867 2332 1108 2379 responsione
1133 2332 1192 2367 vel
1220 2331 1394 2378 pluribus
1418 2332 1451 2367 si
1476 2332 1674 2378 exigantur

214 2388 310 2424 citra
334 2388 528 2425 commitia
554 2390 724 2436 proxima
749 2390 911 2427 sufficiat
935 2391 969 2427 ei
994 2391 1043 2427 ad
1071 2390 1292 2427 intrandum
1318 2391 1358 2426 in
1383 2390 1499 2427 libros
1522 2394 1672 2427 senten-

214 2447 356 2483 tiarum
377 2447 431 2483 sic
447 2447 549 2494 quod
570 2448 800 2485 admittatur
820 2449 870 2486 ad
892 2449 1157 2497 opponendum
1178 2450 1277 2486 infra-
1294 2450 1524 2496 quindenam
1541 2453 1580 2486 et
1597 2453 1674 2486 stet

215 2517 407 2553 opponens
423 2518 542 2553 vsque
557 2507 606 2543 ad
623 2507 764 2544 festum
782 2507 954 2544 Barnabe

122 2565 220 2601 Item
243 2565 461 2601 conceditur
483 2569 523 2602 vt
544 2567 736 2613 responsio
757 2567 966 2614 theologica
986 2568 1119 2604 habita
1135 2573 1174 2604 et
1196 2571 1349 2615 peracta
1366 2581 1433 2615 per
1448 2569 1672 2615 magistrum

215 2623 391 2670 Vyncent
409 2625 687 2661 commitiorum
709 2625 771 2661 die
792 2626 960 2672 proxime
977 2626 1104 2673 elapso
1121 2630 1198 2662 stet
1215 2627 1248 2662 ei
1266 2638 1334 2673 pro
1351 2627 1592 2673 responsione
1608 2627 1672 2663 illa-

215 2681 263 2717 ad
280 2693 394 2728 quam
411 2684 563 2718 tenetur
579 2682 727 2718 racione
743 2682 881 2729 gradus
897 2683 956 2719 sui
973 2683 1138 2730 suscepti

233 2931 268 2958 L.
289 2931 341 2958 ιν.
1540 2927 1563 2966 8

1679 421 1827 461 f.44b
