2008 3294
168 153 387 210 1576—77]
454 163 456 165 ’
755 160 908 193 emcn-
939 159 1062 191 Boon
1095 159 1124 190 Δ
1627 144 1712 187 303

632 465 750 509 Ordo
780 464 1048 507 senioritatis
1076 463 1249 521 mryin

407 611 422 643 1
450 608 538 644 Cole
798 610 819 645 7
845 606 1100 643 Goldisborow
1248 608 1291 642 13
1318 606 1456 641 Mowse

405 671 426 704 2
451 668 577 704 Allein
798 670 820 702 8
846 666 994 714 Cooney
1249 668 1292 701 14
1319 665 1480 712 Briskyn

405 730 428 762 3
453 727 664 773 Brownyng
797 728 820 762 9
845 725 1006 772 Tyndall
1249 727 1292 759 15
1318 723 1437 759 Benet

405 789 427 821 4
454 786 607 822 Murton
779 788 824 820 10
850 784 1018 831 Lyndley
1251 785 1294 819 16
1319 781 1461 818 Webbe

406 847 427 878 5
454 844 592 879 Davies
780 845 819 878 11
848 841 966 878 Wood
1252 843 1292 877 17
1322 839 1453 876 Rudde

404 905 426 939 6
453 903 580 938 Horne
780 905 822 938 12
848 902 1030 949 Copcotes
1250 903 1294 936 18
1320 900 1450 935 Porter

200 1181 364 1224 Gratiae
394 1196 480 1224 non
511 1186 819 1224 concernentes
849 1180 1032 1237 gradum
1064 1186 1142 1223 aut
1174 1180 1354 1223 formam
1387 1179 1687 1222 scholasticam

171 1324 397 1361 Conceditur
431 1327 477 1361 26
510 1325 683 1361 Octobris
715 1328 758 1360 vt
795 1325 973 1371 magister
1006 1324 1216 1360 Willelmus
1258 1324 1403 1360 Fenton
1444 1324 1496 1360 sit
1537 1336 1634 1359 vnus
1674 1335 1718 1359 ex

270 1387 313 1420 12
337 1378 633 1432 predicatoribus
657 1384 727 1420 hoc
751 1384 916 1431 presenti
941 1395 1041 1419 anno
1067 1396 1133 1431 per
1157 1383 1386 1420 academiam
1417 1383 1638 1419 emittendis
1665 1384 1718 1419 sic

267 1447 310 1480 vt
344 1456 458 1492 super
491 1444 562 1480 hac
597 1447 721 1480 vestra
757 1444 994 1480 concessione
1029 1445 1158 1481 literas
1198 1444 1336 1480 habeat
1375 1444 1558 1491 sigillatas
1597 1443 1719 1490 sigillo

268 1505 392 1540 vestro
416 1504 607 1540 communi

175 1562 316 1599 Eadem
337 1563 458 1610 gratia
480 1563 698 1600 conceditur
717 1562 775 1600 Jo.
799 1562 1010 1610 Maplisden
1059 1565 1082 1599 9
1105 1562 1329 1599 Novembris
1351 1564 1532 1610 magistro
1556 1563 1722 1600 Martino

269 1622 454 1659 Williams
475 1623 534 1659 Jo.
553 1623 754 1670 Copcottes
808 1622 942 1658 vltimo
968 1621 1192 1658 Novembris
1218 1622 1382 1658 Roberto
1409 1623 1526 1659 Benet
1581 1626 1604 1658 8
1630 1622 1721 1658 Feb-

269 1683 383 1718 ruarii
401 1683 581 1729 magistro
600 1682 762 1718 Roberto
781 1682 946 1729 Norgate
962 1682 1141 1728 magistro
1159 1682 1222 1718 W⁰
1238 1682 1438 1730 Atkynson
1488 1686 1511 1718 9
1530 1682 1722 1718 Februarii

271 1743 450 1789 magistro
484 1743 574 1778 Tho.
610 1742 769 1790 Smythe
802 1741 983 1779 meredo
1015 1741 1176 1789 Tyndall
1213 1744 1252 1777 et
1289 1744 1335 1777 29
1368 1742 1511 1788 Aprilis
1544 1741 1723 1788 magistro

272 1802 423 1848 Hugoni
447 1802 589 1837 Boothe
638 1802 688 1837 Et
710 1804 733 1837 8
756 1802 884 1838 Martii
908 1802 1015 1837 litere
1037 1801 1206 1846 magistri
1229 1801 1286 1837 J0.
1306 1801 1474 1848 Twydall
1495 1804 1724 1837 renovantur

269 1865 308 1897 et
331 1863 376 1897 28
400 1861 529 1897 Martii
551 1861 658 1897 litere
682 1861 851 1907 magistri
869 1860 1046 1896 willelmi
1068 1861 1231 1896 Stauton

177 1920 405 1957 Conceditur
427 1922 448 1958 7
467 1919 684 1956 Decembris
701 1924 742 1956 vt
764 1920 944 1966 magister
959 1919 1090 1955 doctor
1105 1919 1320 1956 Chaderton
1338 1921 1516 1966 magister
1539 1920 1722 1956 Howland

271 1984 310 2016 et
326 1980 504 2026 magister
527 1979 744 2015 Hammond
766 1979 851 2015 aule
873 1979 1073 2015 Trinitatis
1095 1979 1174 2015 sint
1196 1979 1338 2015 iudices
1362 1980 1400 2015 in
1425 1991 1539 2016 causa
1560 1979 1721 2027 appella-

272 2039 389 2075 cionis
413 2038 470 2074 Jo.
497 2037 694 2074 Edmunds
718 2041 757 2073 et
782 2037 883 2073 Nase

179 2098 406 2134 Conceditur
429 2100 449 2135 7
474 2097 690 2133 Decembris
712 2100 755 2132 vt
779 2109 901 2133 sermo
925 2096 972 2133 ad
997 2096 1138 2133 clerum
1162 2097 1210 2134 ad
1232 2109 1345 2144 quem
1370 2101 1522 2135 tenetur
1546 2100 1725 2146 magister

274 2157 414 2204 Gilpyn
443 2156 589 2192 ratione
616 2156 754 2202 gradus
782 2156 841 2192 sui
870 2157 1034 2203 suscepti
1064 2157 1184 2204 possit
1208 2156 1349 2193 differri
1377 2158 1417 2194 in
1441 2158 1580 2194 festum
1612 2159 1725 2195 Pasce

274 2216 485 2264 proximum
510 2216 680 2252 futurum
705 2216 884 2263 quoniam
913 2216 1075 2263 negociis
1102 2216 1308 2263 impeditus
1335 2219 1425 2252 ante
1453 2217 1546 2253 illud
1576 2220 1727 2265 tempus

274 2276 403 2313 adesse
427 2287 501 2311 non
526 2276 646 2323 possit
671 2275 784 2323 idque
807 2275 879 2312 sub
903 2287 1000 2323 pena
1023 2277 1226 2324 superioris
1250 2288 1317 2313 sue
1340 2277 1526 2314 cautionis

182 2336 292 2373 Mem.
310 2335 411 2383 quod
433 2335 531 2371 idem
550 2335 728 2381 magister
744 2335 883 2382 Gilpyn
900 2335 1081 2371 forisfecit
1097 2336 1311 2372 cautionem
1327 2348 1435 2372 suam
1454 2337 1520 2373 viz.
1539 2338 1592 2384 iiij
1607 2338 1631 2373 li

180 2395 408 2432 Conceditur
424 2398 469 2430 25
482 2394 505 2429 J
507 2395 653 2430 anuarii
671 2406 757 2431 cum
770 2394 850 2430 dies
862 2394 910 2431 ad
926 2395 1222 2442 philosophicam
1235 2395 1532 2443 disputationem
1545 2397 1726 2443 assignati

275 2466 342 2502 per
366 2457 555 2490 statutum
585 2466 659 2490 non
687 2454 880 2490 sufficiunt
905 2455 1111 2502 incepturis
1140 2455 1208 2491 hoc
1236 2467 1335 2491 anno
1364 2455 1403 2491 in
1429 2456 1576 2492 artibus
1604 2457 1727 2503 placet

275 2513 382 2551 vobis
397 2516 440 2549 vt
455 2512 732 2559 disputationes
749 2513 842 2548 fiant
858 2513 990 2549 diebus
1003 2514 1161 2550 Veneris
1177 2518 1216 2550 et
1232 2515 1386 2551 Saturni
1403 2516 1442 2551 in
1460 2516 1728 2564 philosophicis

276 2572 413 2609 scholis
434 2570 483 2607 ab
506 2572 596 2607 hora
619 2583 718 2607 nona
738 2572 786 2608 ad
804 2572 1037 2608 vndecimam
1060 2574 1225 2620 presenti
1248 2574 1366 2610 altero
1388 2579 1671 2621 procuratorum
1689 2580 1728 2612 et

276 2644 321 2667 ex
345 2630 498 2667 bedellis
515 2642 588 2666 vno
607 2631 672 2677 qui
696 2631 814 2678 pridie
837 2631 971 2667 saltem
994 2632 1162 2668 eiusdem
1184 2633 1258 2668 diei
1281 2633 1488 2669 ordinarios
1509 2634 1666 2672 lectores
1688 2636 1726 2672 in

276 2689 436 2738 publicis
451 2689 588 2725 scholis
604 2693 823 2736 premoneat
839 2690 966 2726 future
981 2691 1254 2738 disputacionis

183 2749 410 2787 Conceditur
434 2751 456 2784 8
483 2748 675 2784 Februarii
699 2748 757 2785 Jo.
786 2749 985 2796 Kyngston
1010 2753 1052 2785 vt
1076 2750 1128 2786 sit
1152 2749 1212 2786 hic
1237 2750 1338 2797 apud
1362 2763 1429 2787 vos
1452 2752 1642 2789 librorum-
1658 2754 1726 2791 im·
1744 2755 1773 2796 f.
1799 2757 1870 2794 121
1895 2757 1921 2793 b

277 2820 424 2856 pressor
444 2811 483 2844 et
505 2819 618 2855 super
636 2808 706 2843 hac
722 2809 955 2845 concessione
972 2815 1096 2845 vestra
1112 2809 1240 2847 literas
1257 2810 1394 2847 habeat
1410 2811 1592 2858 sigillatas
1607 2813 1728 2861 sigillo

277 2871 401 2904 vestro
417 2867 607 2902 communi
