1976 3276
195 203 412 259 1570-71]
629 207 632 210 ’
775 216 927 248 GRAOE
958 217 1080 248 BooK
1113 217 1142 247 Δ
1654 205 1735 248 247

194 316 310 353 Dabit
338 318 545 355 dominatio
573 323 641 355 tua
669 320 782 356 fidem
809 320 848 356 in
878 320 990 356 verbo
1018 320 1172 356 honoris
1200 320 1248 356 de
1274 319 1517 356 observandis
1544 322 1584 355 et
1611 319 1736 356 defen-

285 377 417 414 dendis
443 379 647 425 privilegiis
674 379 915 415 libertatibus
942 383 982 415 et
1011 379 1348 415 consuetudinibus
1376 378 1595 426 approbatis
1623 379 1737 415 huius

285 437 474 474 academie
503 438 822 485 Cantebrigiensis
851 443 964 486 teque
996 439 1117 475 eidem
1151 439 1323 474 futurum
1356 438 1578 475 benevolum
1611 438 1735 484 quoad

284 495 420 531 vixeris
468 497 621 542 (Forma
637 497 725 534 date
742 498 827 534 fidei
846 498 978 546 mary.)

192 553 271 589 Nos
283 554 307 589 J
310 554 475 591 ohannes
488 555 698 603 Whitgyfte
715 568 818 592 sacre
834 556 1019 602 theologie
1035 556 1220 603 professor
1236 556 1334 592 alme
1349 556 1463 593 huius
1476 557 1734 592 vniuersitatis

283 613 601 661 Oantebrigiensis
618 616 943 652 vicecancellarius
960 616 1187 652 auctoritate
1200 628 1276 663 qua
1289 616 1482 663 fungimur
1493 615 1734 652 admittimus

282 671 578 710 dominationem
596 678 703 711 tuam
722 675 760 711 in
784 675 953 712 ordinem
973 679 1012 712 et
1033 687 1274 712 numerorum
1297 675 1383 724 [sic]
1406 675 1670 722 magistrorum
1694 675 1733 711 in

282 731 428 768 artibus
444 733 483 768 in
502 734 652 770 nomine
671 735 793 771 Patris
809 738 869 772 etc
926 735 1079 781 (Forma
1096 736 1334 772 admissionis
1351 736 1483 783 mary.)

190 790 299 827 Mem.
330 791 430 837 quod
455 792 581 828 dictus
605 793 780 830 dominus
805 794 971 830 marchio
996 794 1130 830 sedens
1155 794 1194 830 in
1219 794 1399 831 cathedra
1423 794 1471 831 ad
1497 806 1667 831 mensam
1693 794 1733 830 in

282 862 379 886 nova
389 851 531 898 capella
548 852 786 899 presentibus
803 852 966 888 dominis
979 852 1170 899 juditibus
1185 853 1303 889 assise
1318 857 1357 890 et
1373 853 1478 900 gaole
1493 853 1732 891 deliberande

280 912 319 945 et
330 921 465 956 magna
473 922 735 956 generosorum
747 924 882 948 corona
892 911 1057 959 ponebat
1070 923 1205 948 manus
1217 925 1306 948 suas
1322 912 1422 949 inter
1434 924 1569 949 manus
1587 913 1731 950 domini

281 967 571 1004 vicecancellarii
588 969 627 1004 in
644 969 871 1005 admissione
883 981 952 1005 sua
969 972 1008 1006 et
1024 973 1111 1017 post
1123 969 1390 1007 admissionem
1404 974 1530 1008 orator
1542 972 1732 1010 academie

282 1026 416 1064 habuit
436 1028 642 1064 orationem
662 1029 948 1075 gratulatoriam
968 1033 1007 1066 et
1027 1029 1153 1066 dictus
1174 1030 1351 1066 dominus
1373 1030 1499 1078 palam
1522 1034 1562 1067 et
1583 1031 1732 1079 publice

282 1086 455 1134 promisit
477 1099 516 1123 se
538 1100 742 1124 memorem
764 1088 954 1125 academie
976 1089 1009 1125 si
1032 1089 1184 1137 quando
1207 1089 1383 1137 prodesse
1405 1090 1526 1138 possit
1574 1090 1674 1138 (vide
1692 1091 1731 1127 in

280 1147 448 1194 proximo
464 1147 552 1184 folio
567 1147 616 1184 ad
632 1148 729 1184 hanc
746 1150 875 1184 notam
892 1149 965 1208 ορο)

675 1423 919 1467 Practicans
951 1426 995 1466 in
1029 1425 1244 1468 medicina

186 1550 412 1587 Conceditur
439 1551 476 1587 ix
507 1550 701 1588 Februarii
731 1552 911 1599 magistro
946 1553 1058 1588 Petro
1088 1553 1291 1589 Stockdale
1320 1556 1363 1590 vt
1388 1554 1558 1591 studium
1587 1557 1733 1602 septem

279 1622 464 1646 annorum
482 1610 521 1647 in
539 1611 724 1648 medicina
742 1612 905 1648 sufficiat
921 1612 954 1648 ei
972 1612 1020 1648 ad
1037 1612 1324 1660 practicandum
1341 1613 1381 1649 in
1397 1613 1528 1650 eadem
1550 1614 1731 1651 facultate

278 1669 332 1706 sic
352 1673 394 1706 vt
413 1670 495 1706 eius
516 1669 678 1707 eruditio
699 1670 929 1718 approbetur
949 1683 1015 1719 per
1034 1671 1226 1708 doctorem
1252 1672 1390 1708 Warde
1413 1675 1452 1709 et
1477 1684 1544 1720 per
1567 1673 1729 1710 eundem

278 1733 513 1776 presentetur
536 1733 575 1766 et
599 1743 712 1778 super
732 1731 802 1767 hac
825 1733 950 1767 vestra
971 1731 1209 1768 concessione
1236 1732 1364 1768 literas
1386 1732 1524 1768 habeat
1546 1732 1730 1779 sigillatas

278 1788 398 1834 sigillo
420 1791 544 1824 vestro
566 1789 755 1824 communi
778 1789 832 1824 sic
856 1792 897 1824 vt
920 1789 987 1825 hec
1011 1790 1200 1825 concessio
1226 1802 1300 1825 non
1327 1789 1509 1836 impediat
1531 1790 1606 1826 alia
1627 1803 1728 1827 exer·

278 1846 368 1882 citia
391 1847 428 1882 in
450 1847 635 1894 theologia
658 1847 705 1884 ad
725 1860 798 1894 que
825 1851 976 1884 tenetur
993 1847 1161 1884 nondum
1179 1861 1246 1895 per
1261 1849 1458 1895 collegium
1475 1849 1664 1886 admissus
1680 1850 1728 1886 ad

278 1906 446 1942 studium
465 1906 646 1943 medicine

708 2184 869 2227 Doctor
902 2187 943 2227 in
977 2186 1191 2228 medicina

182 2309 408 2345 Conceditur
427 2312 470 2346 19
485 2310 508 2346 J
512 2312 657 2347 anum-ii
676 2314 856 2359 magistro
873 2314 1016 2350 Thorne
1036 2315 1159 2362 Lakys
1182 2319 1224 2351 vt
1243 2316 1413 2352 studium
1436 2318 1456 2353 7
1480 2329 1666 2354 annorum
1688 2319 1725 2354 in

274 2368 457 2404 medicina
474 2372 674 2416 postquam
698 2372 835 2408 rexerit
852 2373 890 2408 in
907 2373 1054 2408 artibus
1067 2386 1153 2410 cum
1167 2374 1467 2421 oppositionibus
1480 2377 1726 2423 responsioni-

275 2427 346 2463 bus
362 2430 401 2463 et
417 2427 502 2464 aliis
518 2429 705 2465 exercitiis
721 2442 788 2477 per
804 2434 951 2468 statuta
965 2432 1158 2479 requisitis
1174 2434 1337 2471 sufficiat
1353 2435 1386 2471 ei
1404 2435 1453 2471 ad
1470 2436 1726 2483 incipiendum

275 2487 315 2522 in
333 2487 517 2524 medicina

1750 1427 1777 1467 f.
1804 1427 1879 1468 105
1900 1442 1924 1467 a
