2008 3294
137 180 356 238 1583-84]
714 188 866 222 cumn:
894 186 1020 219 Boon
1051 186 1081 218 A
1597 169 1681 215 379

619 455 736 500 Ordo
766 453 1032 498 senioritatis
1061 465 1196 507 mary.

419 577 604 626 Wayland
651 576 807 612 Faetum
825 574 1021 612 Michaelis

420 637 549 674 Ducke
597 635 767 671 omnium
784 636 1001 670 sanctorum

420 694 506 741 Byll
554 693 677 740 prima
693 691 882 727 dominica
898 689 1085 726 adventus

419 753 548 790 White
595 750 758 788 secunda
773 750 961 786 dominica
978 750 1064 796 post
1081 748 1219 783 festum
1239 745 1433 780 Michaelis

421 811 663 848 Hutchinson
712 810 901 846 dominica
917 811 1007 844 ante
1024 807 1047 843 J
1050 819 1081 843 0.

420 871 584 907 Whitaff
627 870 804 917 Septuag.

420 931 498 966 Fox
547 929 694 965 Purific.

421 990 574 1025 Hutton
623 988 808 1024 Circumc.

420 1049 521 1085 Snell
571 1048 693 1095 prima
709 1046 899 1083 dominica
917 1044 1053 1089 Quadr.

649 1303 859 1346 Doctores
889 1301 934 1344 in
966 1299 1186 1356 theologia

141 1429 367 1467 Conceditur
384 1432 427 1466 21
447 1428 640 1465 Februarii
659 1427 839 1474 magistro
858 1426 1016 1463 Ricardo
1028 1425 1052 1461 J
1055 1436 1145 1461 ones
1162 1428 1203 1460 vt
1220 1423 1391 1460 studium
1409 1426 1430 1459 5
1448 1434 1631 1459 annorum
1650 1422 1688 1458 in

234 1489 421 1535 theologia
452 1490 539 1535 post
571 1487 729 1534 gradum
760 1486 1092 1522 bacchalaureatus
1125 1484 1164 1520 in
1197 1483 1326 1519 eadem
1357 1485 1575 1529 susceptum
1601 1493 1689 1517 cum

166 1555 168 1557 '
235 1547 536 1596 opposicionibus
558 1545 864 1594 responsionibus
883 1544 1118 1582 sermonibus
1140 1543 1299 1590 aliisque
1321 1542 1508 1578 exercitiis
1530 1552 1596 1588 per
1614 1545 1689 1576 sta-

234 1610 320 1644 tuta
347 1607 447 1653 regia
474 1605 666 1653 requisitis
691 1604 854 1640 sufficiat
879 1604 913 1639 ei
943 1603 991 1639 ad
1021 1601 1276 1650 incipiendum
1306 1601 1345 1636 in
1373 1612 1478 1636 sacra
1507 1599 1692 1645 theologia

235 1665 461 1702 Conceditur
477 1668 515 1702 3⁰
530 1665 554 1701 J
558 1665 624 1701 ulii
641 1664 822 1711 magistro
838 1663 997 1709 Georgio
1015 1662 1141 1698 Slater
1155 1665 1197 1696 vt
1217 1660 1389 1696 studium
1407 1662 1429 1694 5
1445 1670 1630 1694 annorum
1652 1658 1691 1693 in

235 1725 421 1772 theologia
452 1727 539 1772 post
570 1724 727 1771 gradum
760 1723 1093 1759 bacchalaureatus
1126 1721 1165 1756 in
1198 1719 1329 1756 eadem
1358 1722 1577 1765 susceptum
1606 1729 1692 1753 cum

237 1783 537 1832 opposicionibus
553 1781 858 1830 responsionibus
874 1792 941 1828 per
957 1783 1104 1816 statuta
1121 1779 1222 1825 regia
1244 1777 1438 1824 requisitis
1454 1781 1494 1812 et
1510 1788 1596 1812 cum
1621 1788 1694 1811 vno

237 1854 407 1879 sermone
431 1842 479 1878 ad
503 1842 684 1889 populum
709 1840 872 1877 sufficiat
896 1839 929 1875 ei
954 1838 1002 1875 ad
1028 1837 1283 1885 incipiendum
1310 1837 1349 1872 in
1375 1848 1481 1872 sacra
1506 1835 1694 1881 theologia

240 1902 353 1940 Dedit
377 1900 566 1937 academie
589 1900 656 1936 xls

514 2175 678 2219 Gratiae
709 2190 794 2217 non
825 2180 1135 2218 concernentes
1166 2172 1326 2229 gradus

146 2302 372 2340 Conceditur
390 2303 435 2337 10
452 2300 626 2338 Octobris
674 2300 799 2344 Quum
817 2302 1090 2336 testamentum
1113 2309 1254 2334 novum
1275 2308 1396 2344 nuper
1416 2308 1482 2344 per
1501 2296 1697 2332 dominum

244 2362 379 2398 Bezam
396 2359 585 2397 academie
601 2358 784 2395 donatum
806 2360 940 2394 mutuo
962 2357 1146 2394 traditum
1169 2357 1244 2394 fuit
1266 2356 1578 2393 reuerendissimo
1598 2355 1698 2402 patri

242 2420 394 2458 domino
408 2418 687 2466 archiepiscopo
704 2417 967 2454 Cantuariensi
986 2429 1104 2464 vsque
1120 2417 1168 2453 ad
1191 2417 1331 2454 festum
1354 2416 1476 2452 sancti
1500 2415 1696 2452 Michaelis

243 2480 319 2515 iam
351 2477 520 2524 elapsum
552 2479 591 2513 et
623 2476 791 2523 prefatus
822 2476 1157 2513 mmudissimus
1187 2478 1298 2522 pater
1329 2486 1397 2522 per
1428 2474 1597 2521 ingentia
1629 2485 1698 2508 sua

243 2537 394 2585 negocia
414 2536 512 2572 infra
533 2535 745 2583 predictum
766 2539 918 2583 tempus
934 2547 1010 2572 non
1028 2535 1154 2582 potuit
1170 2535 1316 2571 dictum
1333 2534 1473 2570 librum
1491 2532 1698 2570 describere

245 2597 367 2644 placet
395 2594 502 2631 vobis
531 2599 572 2630 vt
604 2594 766 2630 retineat
794 2594 983 2640 prefatum
1012 2593 1150 2630 librum
1179 2592 1252 2629 sub
1279 2592 1561 2629 condicionibus
1588 2595 1700 2627 antea

244 2654 462 2703 prescriptis
478 2665 596 2701 vsque
611 2653 660 2689 ad
677 2653 816 2689 festum
834 2653 949 2689 Pasce
965 2652 1177 2700 proximum
1194 2653 1366 2688 futurum
1427 2651 1478 2687 Et
1498 2654 1543 2687 10
1558 2651 1701 2698 Aprilis

244 2726 362 2762 quum
385 2725 525 2750 novum
546 2716 820 2749 testamentum
839 2723 910 2759 per
930 2712 1128 2748 dominum
1152 2712 1288 2748 Bezam
1310 2709 1500 2747 academie
1516 2710 1700 2746 donatum

245 2777 378 2810 mutuo
402 2772 586 2808 traditum
615 2772 689 2807 fuit
717 2770 1028 2807 reuerendissimo
1053 2771 1092 2806 in
1119 2771 1271 2807 Christo
1295 2769 1394 2817 patri
1419 2781 1462 2805 ac
1486 2769 1698 2805 domiuo'd.

245 2831 410 2867 Johanni
428 2830 691 2866 Cantuariensi
709 2841 827 2876 vsque
843 2829 892 2866 ad
909 2830 1048 2866 festum
1067 2829 1208 2865 Pasche
1232 2829 1446 2875 proximum
1468 2828 1641 2864 futurum
1661 2831 1700 2862 et

246 2891 414 2938 prefatus
435 2889 768 2926 reuerendissimus
786 2888 963 2924 dominus
985 2899 1051 2935 per
1074 2887 1243 2934 ingentia
1267 2899 1335 2924 sua
1358 2886 1509 2932 negocia
1532 2885 1700 2921 nondum
