<?xml version="1.0" encoding="UTF-8"?>
<!DOCTYPE html PUBLIC "-//W3C//DTD XHTML 1.0 Transitional//EN"
    "http://www.w3.org/TR/xhtml1/DTD/xhtml1-transitional.dtd">
<html xmlns="http://www.w3.org/1999/xhtml" xml:lang="en" lang="en">
 <head>
  <title>
</title>
<meta http-equiv="Content-Type" content="text/html;charset=utf-8" />
  <meta name='ocr-system' content='tesseract 3.04.00' />
  <meta name='ocr-capabilities' content='ocr_page ocr_carea ocr_par ocr_line ocrx_word'/>
</head>
<body>
  <div class='ocr_page' id='page_1' title='image "./gracebookdeltaco00univuoft_0167.png"; bbox 0 0 2008 3216; ppageno 0'>
   <div class='ocr_carea' id='block_1_1' title="bbox 194 124 1741 210">
    <p class='ocr_par' dir='ltr' id='par_1_1' title="bbox 194 124 1741 210">
     <span class='ocr_line' id='line_1_1' title="bbox 194 124 1741 210; baseline -0.007 -12"><span class='ocrx_word' id='word_1_1' title='bbox 194 154 411 210; x_wconf 85' lang='lat'>1558-59]</span> <span class='ocrx_word' id='word_1_2' title='bbox 774 124 928 194; x_wconf 54' lang='lat' dir='ltr'>onio}</span> <span class='ocrx_word' id='word_1_3' title='bbox 958 158 1082 192; x_wconf 82' lang='lat' dir='ltr'>BOOK</span> <span class='ocrx_word' id='word_1_4' title='bbox 1113 160 1143 191; x_wconf 77' lang='lat' dir='ltr'><strong>A</strong></span> <span class='ocrx_word' id='word_1_5' title='bbox 1658 148 1741 188; x_wconf 86' lang='lat'>133</span> 
     </span>
    </p>
   </div>
   <div class='ocr_carea' id='block_1_2' title="bbox 191 262 1750 1846">
    <p class='ocr_par' dir='ltr' id='par_1_2' title="bbox 191 262 1743 489">
     <span class='ocr_line' id='line_1_2' title="bbox 191 262 1742 309; baseline -0.006 -3"><span class='ocrx_word' id='word_1_6' title='bbox 191 269 419 306; x_wconf 80' lang='lat' dir='ltr'><strong>Conceditur</strong></span> <span class='ocrx_word' id='word_1_7' title='bbox 444 270 489 306; x_wconf 81' lang='lat'>27</span> <span class='ocrx_word' id='word_1_8' title='bbox 513 268 538 304; x_wconf 88' lang='lat' dir='ltr'>J</span> <span class='ocrx_word' id='word_1_9' title='bbox 540 267 686 304; x_wconf 82' lang='lat' dir='ltr'>anuarii</span> <span class='ocrx_word' id='word_1_10' title='bbox 715 266 806 304; x_wconf 87' lang='lat' dir='ltr'>Tho.</span> <span class='ocrx_word' id='word_1_11' title='bbox 837 266 972 302; x_wconf 87' lang='lat' dir='ltr'>Laiton</span> <span class='ocrx_word' id='word_1_12' title='bbox 1001 266 1045 301; x_wconf 89' lang='lat' dir='ltr'>vt</span> <span class='ocrx_word' id='word_1_13' title='bbox 1075 267 1121 300; x_wconf 90' lang='lat'>10</span> <span class='ocrx_word' id='word_1_14' title='bbox 1149 263 1302 300; x_wconf 87' lang='lat' dir='ltr'>termini</span> <span class='ocrx_word' id='word_1_15' title='bbox 1331 264 1372 299; x_wconf 89' lang='lat' dir='ltr'>in</span> <span class='ocrx_word' id='word_1_16' title='bbox 1400 262 1539 309; x_wconf 88' lang='lat' dir='ltr'>quibus</span> <span class='ocrx_word' id='word_1_17' title='bbox 1564 262 1742 298; x_wconf 89' lang='lat' dir='ltr'>lectiones</span> 
     </span>
     <span class='ocr_line' id='line_1_3' title="bbox 287 321 1743 364; baseline -0.005 -1"><span class='ocrx_word' id='word_1_18' title='bbox 287 327 494 364; x_wconf 84' lang='lat' dir='ltr'>ordinarias</span> <span class='ocrx_word' id='word_1_19' title='bbox 518 325 667 362; x_wconf 84' lang='lat' dir='ltr'>audiuit</span> <span class='ocrx_word' id='word_1_20' title='bbox 689 325 777 360; x_wconf 88' lang='lat' dir='ltr'>licet</span> <span class='ocrx_word' id='word_1_21' title='bbox 801 336 877 361; x_wconf 91' lang='lat' dir='ltr'>non</span> <span class='ocrx_word' id='word_1_22' title='bbox 901 323 1054 360; x_wconf 90' lang='lat' dir='ltr'>omniuo</span> <span class='ocrx_word' id='word_1_23' title='bbox 1081 322 1286 359; x_wconf 90' lang='lat' dir='ltr'>secundum</span> <span class='ocrx_word' id='word_1_24' title='bbox 1316 322 1475 357; x_wconf 84' lang='lat' dir='ltr'>formam</span> <span class='ocrx_word' id='word_1_25' title='bbox 1505 321 1641 356; x_wconf 78' lang='lat' dir='ltr'>statuti</span> <span class='ocrx_word' id='word_1_26' title='bbox 1669 332 1743 356; x_wconf 75' lang='lat' dir='ltr'>vna</span> 
     </span>
     <span class='ocr_line' id='line_1_4' title="bbox 287 380 1741 433; baseline -0.005 -11"><span class='ocrx_word' id='word_1_27' title='bbox 287 398 374 423; x_wconf 90' lang='lat' dir='ltr'>cum</span> <span class='ocrx_word' id='word_1_28' title='bbox 398 384 698 433; x_wconf 86' lang='lat' dir='ltr'>oppositionibus</span> <span class='ocrx_word' id='word_1_29' title='bbox 722 382 1028 431; x_wconf 77' lang='lat' dir='ltr'><strong>responsionibus</strong></span> <span class='ocrx_word' id='word_1_30' title='bbox 1056 385 1095 419; x_wconf 90' lang='lat' dir='ltr'>et</span> <span class='ocrx_word' id='word_1_31' title='bbox 1121 382 1205 418; x_wconf 85' lang='lat' dir='ltr'>aliis</span> <span class='ocrx_word' id='word_1_32' title='bbox 1233 381 1420 418; x_wconf 81' lang='lat' dir='ltr'>exercitiis</span> <span class='ocrx_word' id='word_1_33' title='bbox 1448 380 1639 427; x_wconf 74' lang='lat' dir='ltr'>requisitis</span> <span class='ocrx_word' id='word_1_34' title='bbox 1664 380 1741 416; x_wconf 87' lang='lat' dir='ltr'>suf·</span> 
     </span>
     <span class='ocr_line' id='line_1_5' title="bbox 288 440 1086 489; baseline -0.006 -8"><span class='ocrx_word' id='word_1_35' title='bbox 288 445 417 481; x_wconf 82' lang='lat' dir='ltr'>ficiant</span> <span class='ocrx_word' id='word_1_36' title='bbox 441 444 475 480; x_wconf 91' lang='lat' dir='ltr'>ei</span> <span class='ocrx_word' id='word_1_37' title='bbox 499 443 547 479; x_wconf 74' lang='lat' dir='ltr'>ad</span> <span class='ocrx_word' id='word_1_38' title='bbox 571 441 873 489; x_wconf 90' lang='lat' dir='ltr'>respondendum</span> <span class='ocrx_word' id='word_1_39' title='bbox 898 440 1086 488; x_wconf 87' lang='lat' dir='ltr'>questioni</span> 
     </span>
    </p>

    <p class='ocr_par' dir='ltr' id='par_1_3' title="bbox 193 497 1349 550">
     <span class='ocr_line' id='line_1_6' title="bbox 193 497 1349 550; baseline -0.006 -10"><span class='ocrx_word' id='word_1_40' title='bbox 193 503 335 540; x_wconf 78' lang='lat' dir='ltr'>Eadem</span> <span class='ocrx_word' id='word_1_41' title='bbox 351 503 472 550; x_wconf 87' lang='lat' dir='ltr'>gratia</span> <span class='ocrx_word' id='word_1_42' title='bbox 488 501 705 538; x_wconf 74' lang='lat' dir='ltr'>conceditur</span> <span class='ocrx_word' id='word_1_43' title='bbox 720 501 744 537; x_wconf 89' lang='lat' dir='ltr'>J</span> <span class='ocrx_word' id='word_1_44' title='bbox 747 512 778 536; x_wconf 93' lang='lat' dir='ltr'>o.</span> <span class='ocrx_word' id='word_1_45' title='bbox 798 500 928 536; x_wconf 91' lang='lat' dir='ltr'>Wellis</span> <span class='ocrx_word' id='word_1_46' title='bbox 944 499 990 535; x_wconf 92' lang='lat' dir='ltr'>de</span> <span class='ocrx_word' id='word_1_47' title='bbox 1006 498 1120 535; x_wconf 89' lang='lat' dir='ltr'>verbo</span> <span class='ocrx_word' id='word_1_48' title='bbox 1136 499 1176 534; x_wconf 92' lang='lat' dir='ltr'>in</span> <span class='ocrx_word' id='word_1_49' title='bbox 1193 497 1349 534; x_wconf 88' lang='lat' dir='ltr'>verbum</span> 
     </span>
    </p>

    <p class='ocr_par' dir='ltr' id='par_1_4' title="bbox 192 555 1742 783">
     <span class='ocr_line' id='line_1_7' title="bbox 192 555 1742 602; baseline -0.006 -3"><span class='ocrx_word' id='word_1_50' title='bbox 192 561 419 599; x_wconf 76' lang='lat' dir='ltr'>Conceditur</span> <span class='ocrx_word' id='word_1_51' title='bbox 444 563 488 598; x_wconf 85' lang='lat'>27</span> <span class='ocrx_word' id='word_1_52' title='bbox 514 560 686 596; x_wconf 68' lang='lat' dir='ltr'>,Ianuarii</span> <span class='ocrx_word' id='word_1_53' title='bbox 710 559 803 595; x_wconf 88' lang='lat' dir='ltr'>Tho.</span> <span class='ocrx_word' id='word_1_54' title='bbox 831 558 990 595; x_wconf 83' lang='lat' dir='ltr'>Oxforth</span> <span class='ocrx_word' id='word_1_55' title='bbox 1015 561 1058 594; x_wconf 90' lang='lat' dir='ltr'>vt</span> <span class='ocrx_word' id='word_1_56' title='bbox 1085 560 1125 593; x_wconf 89' lang='lat'>11</span> <span class='ocrx_word' id='word_1_57' title='bbox 1154 557 1306 592; x_wconf 88' lang='lat' dir='ltr'>termini</span> <span class='ocrx_word' id='word_1_58' title='bbox 1334 556 1373 592; x_wconf 90' lang='lat' dir='ltr'>in</span> <span class='ocrx_word' id='word_1_59' title='bbox 1401 555 1540 602; x_wconf 89' lang='lat' dir='ltr'>quibus</span> <span class='ocrx_word' id='word_1_60' title='bbox 1564 555 1742 591; x_wconf 83' lang='lat' dir='ltr'>lectiones</span> 
     </span>
     <span class='ocr_line' id='line_1_8' title="bbox 287 614 1741 656; baseline -0.006 0"><span class='ocrx_word' id='word_1_61' title='bbox 287 619 495 656; x_wconf 79' lang='lat' dir='ltr'>ordinarias</span> <span class='ocrx_word' id='word_1_62' title='bbox 518 618 666 655; x_wconf 82' lang='lat' dir='ltr'>audiuit</span> <span class='ocrx_word' id='word_1_63' title='bbox 691 618 779 654; x_wconf 87' lang='lat' dir='ltr'>licet</span> <span class='ocrx_word' id='word_1_64' title='bbox 803 630 878 653; x_wconf 92' lang='lat' dir='ltr'>non</span> <span class='ocrx_word' id='word_1_65' title='bbox 903 617 1057 654; x_wconf 91' lang='lat' dir='ltr'>omnino</span> <span class='ocrx_word' id='word_1_66' title='bbox 1081 615 1287 652; x_wconf 88' lang='lat' dir='ltr'>secundum</span> <span class='ocrx_word' id='word_1_67' title='bbox 1310 616 1470 651; x_wconf 83' lang='lat' dir='ltr'>formam</span> <span class='ocrx_word' id='word_1_68' title='bbox 1495 614 1632 649; x_wconf 83' lang='lat' dir='ltr'>statuti</span> <span class='ocrx_word' id='word_1_69' title='bbox 1655 625 1741 649; x_wconf 88' lang='lat' dir='ltr'>cum</span> 
     </span>
     <span class='ocr_line' id='line_1_9' title="bbox 288 673 1742 726; baseline -0.004 -12"><span class='ocrx_word' id='word_1_70' title='bbox 288 677 587 726; x_wconf 84' lang='lat' dir='ltr'>oppositionibus</span> <span class='ocrx_word' id='word_1_71' title='bbox 613 681 652 713; x_wconf 93' lang='lat' dir='ltr'>et</span> <span class='ocrx_word' id='word_1_72' title='bbox 685 676 991 725; x_wconf 77' lang='lat' dir='ltr'>responsionibus</span> <span class='ocrx_word' id='word_1_73' title='bbox 1015 676 1208 723; x_wconf 77' lang='lat' dir='ltr'>requisitis</span> <span class='ocrx_word' id='word_1_74' title='bbox 1236 675 1425 711; x_wconf 88' lang='lat' dir='ltr'>sufficiant</span> <span class='ocrx_word' id='word_1_75' title='bbox 1453 674 1487 710; x_wconf 92' lang='lat' dir='ltr'>ei</span> <span class='ocrx_word' id='word_1_76' title='bbox 1516 673 1564 709; x_wconf 80' lang='lat' dir='ltr'>ad</span> <span class='ocrx_word' id='word_1_77' title='bbox 1593 685 1742 720; x_wconf 87' lang='lat' dir='ltr'>respon·</span> 
     </span>
     <span class='ocr_line' id='line_1_10' title="bbox 288 736 666 783; baseline -0.008 -9"><span class='ocrx_word' id='word_1_78' title='bbox 288 737 455 774; x_wconf 85' lang='lat' dir='ltr'>dendum</span> <span class='ocrx_word' id='word_1_79' title='bbox 478 736 666 783; x_wconf 87' lang='lat' dir='ltr'>questioni</span> 
     </span>
    </p>

    <p class='ocr_par' dir='ltr' id='par_1_5' title="bbox 194 793 1483 844">
     <span class='ocr_line' id='line_1_11' title="bbox 194 793 1483 844; baseline -0.004 -11"><span class='ocrx_word' id='word_1_80' title='bbox 194 797 336 834; x_wconf 82' lang='lat' dir='ltr'>Eadem</span> <span class='ocrx_word' id='word_1_81' title='bbox 352 796 474 844; x_wconf 86' lang='lat' dir='ltr'>gratia</span> <span class='ocrx_word' id='word_1_82' title='bbox 491 795 708 832; x_wconf 86' lang='lat' dir='ltr'>conceditur</span> <span class='ocrx_word' id='word_1_83' title='bbox 724 795 780 832; x_wconf 92' lang='lat' dir='ltr'>W.</span> <span class='ocrx_word' id='word_1_84' title='bbox 800 795 823 831; x_wconf 89' lang='lat' dir='ltr'><strong>J</strong></span> <span class='ocrx_word' id='word_1_85' title='bbox 827 807 945 831; x_wconf 89' lang='lat' dir='ltr'>onson</span> <span class='ocrx_word' id='word_1_86' title='bbox 963 794 1055 831; x_wconf 90' lang='lat' dir='ltr'>Tho.</span> <span class='ocrx_word' id='word_1_87' title='bbox 1075 794 1196 830; x_wconf 89' lang='lat' dir='ltr'>Lause</span> <span class='ocrx_word' id='word_1_88' title='bbox 1213 794 1371 840; x_wconf 88' lang='lat' dir='ltr'>Georgio</span> <span class='ocrx_word' id='word_1_89' title='bbox 1390 793 1483 828; x_wconf 87' lang='lat' dir='ltr'>Hull</span> 
     </span>
    </p>

    <p class='ocr_par' dir='ltr' id='par_1_6' title="bbox 195 851 1748 1198">
     <span class='ocr_line' id='line_1_12' title="bbox 195 851 1746 898; baseline -0.005 -6"><span class='ocrx_word' id='word_1_90' title='bbox 195 856 422 892; x_wconf 77' lang='lat' dir='ltr'>Conceditur</span> <span class='ocrx_word' id='word_1_91' title='bbox 457 858 500 891; x_wconf 90' lang='lat'>10</span> <span class='ocrx_word' id='word_1_92' title='bbox 530 854 724 891; x_wconf 83' lang='lat' dir='ltr'>Februarii</span> <span class='ocrx_word' id='word_1_93' title='bbox 756 854 814 891; x_wconf 85' lang='lat' dir='ltr'>Jo.</span> <span class='ocrx_word' id='word_1_94' title='bbox 849 853 951 890; x_wconf 88' lang='lat' dir='ltr'>Swet</span> <span class='ocrx_word' id='word_1_95' title='bbox 983 857 1026 889; x_wconf 91' lang='lat' dir='ltr'>vt</span> <span class='ocrx_word' id='word_1_96' title='bbox 1061 856 1104 889; x_wconf 83' lang='lat'>12</span> <span class='ocrx_word' id='word_1_97' title='bbox 1138 852 1290 888; x_wconf 83' lang='lat' dir='ltr'>termini</span> <span class='ocrx_word' id='word_1_98' title='bbox 1323 852 1363 887; x_wconf 90' lang='lat' dir='ltr'>in</span> <span class='ocrx_word' id='word_1_99' title='bbox 1395 851 1535 898; x_wconf 87' lang='lat' dir='ltr'>quibus</span> <span class='ocrx_word' id='word_1_100' title='bbox 1568 851 1746 886; x_wconf 86' lang='lat' dir='ltr'>lectiones</span> 
     </span>
     <span class='ocr_line' id='line_1_13' title="bbox 288 909 1745 950; baseline -0.003 -1"><span class='ocrx_word' id='word_1_101' title='bbox 288 913 496 950; x_wconf 86' lang='lat' dir='ltr'>ordinarias</span> <span class='ocrx_word' id='word_1_102' title='bbox 519 912 668 948; x_wconf 85' lang='lat' dir='ltr'>audiuit</span> <span class='ocrx_word' id='word_1_103' title='bbox 689 912 778 949; x_wconf 84' lang='lat' dir='ltr'>licet</span> <span class='ocrx_word' id='word_1_104' title='bbox 800 923 876 948; x_wconf 88' lang='lat' dir='ltr'>non</span> <span class='ocrx_word' id='word_1_105' title='bbox 899 911 1052 948; x_wconf 90' lang='lat' dir='ltr'>omnino</span> <span class='ocrx_word' id='word_1_106' title='bbox 1077 910 1284 947; x_wconf 66' lang='lat' dir='ltr'>mundum</span> <span class='ocrx_word' id='word_1_107' title='bbox 1308 910 1468 946; x_wconf 83' lang='lat' dir='ltr'>formam</span> <span class='ocrx_word' id='word_1_108' title='bbox 1493 909 1631 946; x_wconf 85' lang='lat' dir='ltr'>statuti</span> <span class='ocrx_word' id='word_1_109' title='bbox 1659 920 1745 945; x_wconf 87' lang='lat' dir='ltr'>cum</span> 
     </span>
     <span class='ocr_line' id='line_1_14' title="bbox 289 968 1748 1021; baseline -0.003 -12"><span class='ocrx_word' id='word_1_110' title='bbox 289 972 588 1021; x_wconf 86' lang='lat' dir='ltr'>oppositionibus</span> <span class='ocrx_word' id='word_1_111' title='bbox 612 974 652 1008; x_wconf 90' lang='lat' dir='ltr'>et</span> <span class='ocrx_word' id='word_1_112' title='bbox 677 970 983 1019; x_wconf 83' lang='lat' dir='ltr'>responsionibus</span> <span class='ocrx_word' id='word_1_113' title='bbox 1008 970 1200 1018; x_wconf 85' lang='lat' dir='ltr'>requisitis</span> <span class='ocrx_word' id='word_1_114' title='bbox 1229 970 1419 1006; x_wconf 82' lang='lat' dir='ltr'>sufficiant</span> <span class='ocrx_word' id='word_1_115' title='bbox 1447 970 1482 1005; x_wconf 90' lang='lat' dir='ltr'>ei</span> <span class='ocrx_word' id='word_1_116' title='bbox 1508 969 1557 1005; x_wconf 83' lang='lat' dir='ltr'>ad</span> <span class='ocrx_word' id='word_1_117' title='bbox 1586 968 1748 1005; x_wconf 79' lang='lat' dir='ltr'>finaliter</span> 
     </span>
     <span class='ocr_line' id='line_1_15' title="bbox 288 1029 1747 1070; baseline -0.003 -1"><span class='ocrx_word' id='word_1_118' title='bbox 288 1032 617 1070; x_wconf 85' lang='lat' dir='ltr'>determinandum</span> <span class='ocrx_word' id='word_1_119' title='bbox 641 1043 728 1068; x_wconf 92' lang='lat' dir='ltr'>cum</span> <span class='ocrx_word' id='word_1_120' title='bbox 753 1031 888 1067; x_wconf 85' lang='lat' dir='ltr'>ceteris</span> <span class='ocrx_word' id='word_1_121' title='bbox 913 1031 1027 1067; x_wconf 83' lang='lat' dir='ltr'>huius</span> <span class='ocrx_word' id='word_1_122' title='bbox 1051 1030 1141 1066; x_wconf 87' lang='lat' dir='ltr'>anni</span> <span class='ocrx_word' id='word_1_123' title='bbox 1167 1029 1446 1065; x_wconf 81' lang='lat' dir='ltr'>bacchalaureis</span> <span class='ocrx_word' id='word_1_124' title='bbox 1470 1029 1524 1065; x_wconf 89' lang='lat' dir='ltr'>sic</span> <span class='ocrx_word' id='word_1_125' title='bbox 1548 1032 1675 1065; x_wconf 83' lang='lat' dir='ltr'>tamen</span> <span class='ocrx_word' id='word_1_126' title='bbox 1706 1032 1747 1064; x_wconf 87' lang='lat' dir='ltr'>vt</span> 
     </span>
     <span class='ocr_line' id='line_1_16' title="bbox 289 1087 1748 1138; baseline -0.004 -9"><span class='ocrx_word' id='word_1_127' title='bbox 289 1093 369 1130; x_wconf 90' lang='lat' dir='ltr'>eius</span> <span class='ocrx_word' id='word_1_128' title='bbox 385 1092 547 1129; x_wconf 87' lang='lat' dir='ltr'>eruditio</span> <span class='ocrx_word' id='word_1_129' title='bbox 563 1092 799 1128; x_wconf 82' lang='lat' dir='ltr'>examinetur</span> <span class='ocrx_word' id='word_1_130' title='bbox 815 1093 855 1127; x_wconf 90' lang='lat' dir='ltr'>et</span> <span class='ocrx_word' id='word_1_131' title='bbox 870 1089 1100 1138; x_wconf 86' lang='lat' dir='ltr'>approbetur</span> <span class='ocrx_word' id='word_1_132' title='bbox 1122 1101 1189 1136; x_wconf 89' lang='lat' dir='ltr'>per</span> <span class='ocrx_word' id='word_1_133' title='bbox 1210 1088 1443 1136; x_wconf 88' lang='lat' dir='ltr'>oppositores</span> <span class='ocrx_word' id='word_1_134' title='bbox 1459 1087 1573 1124; x_wconf 89' lang='lat' dir='ltr'>huius</span> <span class='ocrx_word' id='word_1_135' title='bbox 1597 1087 1687 1124; x_wconf 83' lang='lat' dir='ltr'>anni</span> <span class='ocrx_word' id='word_1_136' title='bbox 1708 1090 1748 1124; x_wconf 88' lang='lat' dir='ltr'>et</span> 
     </span>
     <span class='ocr_line' id='line_1_17' title="bbox 289 1148 1344 1198; baseline -0.004 -10"><span class='ocrx_word' id='word_1_137' title='bbox 289 1154 365 1189; x_wconf 80' lang='lat' dir='ltr'>stet</span> <span class='ocrx_word' id='word_1_138' title='bbox 382 1152 421 1188; x_wconf 88' lang='lat' dir='ltr'>in</span> <span class='ocrx_word' id='word_1_139' title='bbox 438 1151 509 1188; x_wconf 86' lang='lat' dir='ltr'>hac</span> <span class='ocrx_word' id='word_1_140' title='bbox 525 1150 813 1198; x_wconf 79' lang='lat' dir='ltr'>quadragesima</span> <span class='ocrx_word' id='word_1_141' title='bbox 829 1162 916 1186; x_wconf 88' lang='lat' dir='ltr'>cum</span> <span class='ocrx_word' id='word_1_142' title='bbox 933 1150 1067 1186; x_wconf 81' lang='lat' dir='ltr'>ceteris</span> <span class='ocrx_word' id='word_1_143' title='bbox 1082 1148 1344 1196; x_wconf 87' lang='lat' dir='ltr'>questionistis</span> 
     </span>
    </p>

    <p class='ocr_par' dir='ltr' id='par_1_7' title="bbox 194 1206 1750 1366">
     <span class='ocr_line' id='line_1_18' title="bbox 194 1206 1749 1258; baseline -0.004 -10"><span class='ocrx_word' id='word_1_144' title='bbox 194 1211 337 1248; x_wconf 81' lang='lat' dir='ltr'>Eadem</span> <span class='ocrx_word' id='word_1_145' title='bbox 354 1211 475 1258; x_wconf 88' lang='lat' dir='ltr'>gratia</span> <span class='ocrx_word' id='word_1_146' title='bbox 491 1209 707 1247; x_wconf 88' lang='lat' dir='ltr'>conceditur</span> <span class='ocrx_word' id='word_1_147' title='bbox 724 1209 814 1245; x_wconf 84' lang='lat' dir='ltr'>Edo.</span> <span class='ocrx_word' id='word_1_148' title='bbox 833 1209 998 1245; x_wconf 88' lang='lat' dir='ltr'>Arnesse</span> <span class='ocrx_word' id='word_1_149' title='bbox 1015 1211 1062 1244; x_wconf 85' lang='lat'>24</span> <span class='ocrx_word' id='word_1_150' title='bbox 1079 1206 1273 1244; x_wconf 82' lang='lat' dir='ltr'>Februarii</span> <span class='ocrx_word' id='word_1_151' title='bbox 1327 1210 1367 1243; x_wconf 87' lang='lat' dir='ltr'>et</span> <span class='ocrx_word' id='word_1_152' title='bbox 1383 1206 1513 1243; x_wconf 88' lang='lat' dir='ltr'>eodem</span> <span class='ocrx_word' id='word_1_153' title='bbox 1531 1206 1749 1242; x_wconf 86' lang='lat' dir='ltr'>conceditur</span> 
     </span>
     <span class='ocr_line' id='line_1_19' title="bbox 291 1256 1750 1316; baseline -0.004 -9"><span class='ocrx_word' id='word_1_154' title='bbox 291 1270 382 1307; x_wconf 83' lang='lat' dir='ltr'>Tho.</span> <span class='ocrx_word' id='word_1_155' title='bbox 419 1270 540 1306; x_wconf 91' lang='lat' dir='ltr'>Locke</span> <span class='ocrx_word' id='word_1_156' title='bbox 568 1269 699 1306; x_wconf 85' lang='lat' dir='ltr'>eadem</span> <span class='ocrx_word' id='word_1_157' title='bbox 731 1269 853 1316; x_wconf 77' lang='lat' dir='ltr'>gratia</span> <span class='ocrx_word' id='word_1_158' title='bbox 885 1268 932 1305; x_wconf 89' lang='lat' dir='ltr'>de</span> <span class='ocrx_word' id='word_1_159' title='bbox 964 1267 1078 1304; x_wconf 91' lang='lat' dir='ltr'>verbo</span> <span class='ocrx_word' id='word_1_160' title='bbox 1111 1267 1151 1303; x_wconf 90' lang='lat' dir='ltr'>in</span> <span class='ocrx_word' id='word_1_161' title='bbox 1184 1266 1340 1303; x_wconf 87' lang='lat' dir='ltr'>verbum</span> <span class='ocrx_word' id='word_1_162' title='bbox 1374 1266 1447 1303; x_wconf 89' lang='lat' dir='ltr'>nisi</span> <span class='ocrx_word' id='word_1_163' title='bbox 1480 1266 1581 1314; x_wconf 89' lang='lat' dir='ltr'>quod</span> <span class='ocrx_word' id='word_1_164' title='bbox 1614 1256 1750 1302; x_wconf 86' lang='lat' dir='ltr'>habuit</span> 
     </span>
     <span class='ocr_line' id='line_1_20' title="bbox 291 1329 721 1366; baseline -0.005 0"><span class='ocrx_word' id='word_1_165' title='bbox 291 1332 444 1366; x_wconf 86' lang='lat' dir='ltr'>tantum</span> <span class='ocrx_word' id='word_1_166' title='bbox 471 1331 516 1365; x_wconf 92' lang='lat'>10</span> <span class='ocrx_word' id='word_1_167' title='bbox 539 1329 721 1365; x_wconf 86' lang='lat' dir='ltr'>terminos</span> 
     </span>
    </p>

    <p class='ocr_par' dir='ltr' id='par_1_8' title="bbox 195 1384 1749 1672">
     <span class='ocr_line' id='line_1_21' title="bbox 195 1384 1749 1435; baseline -0.005 -9"><span class='ocrx_word' id='word_1_168' title='bbox 195 1388 423 1426; x_wconf 82' lang='lat' dir='ltr'>Conceditur</span> <span class='ocrx_word' id='word_1_169' title='bbox 438 1388 568 1425; x_wconf 87' lang='lat' dir='ltr'>eodem</span> <span class='ocrx_word' id='word_1_170' title='bbox 584 1387 608 1424; x_wconf 90' lang='lat' dir='ltr'><strong>J</strong></span> <span class='ocrx_word' id='word_1_171' title='bbox 610 1400 642 1425; x_wconf 94' lang='grc' dir='ltr'>ο.</span> <span class='ocrx_word' id='word_1_172' title='bbox 662 1387 811 1435; x_wconf 82' lang='lat' dir='ltr'>Drakys</span> <span class='ocrx_word' id='word_1_173' title='bbox 826 1386 1034 1435; x_wconf 83' lang='lat' dir='ltr'>presbitero</span> <span class='ocrx_word' id='word_1_174' title='bbox 1051 1389 1093 1422; x_wconf 90' lang='lat' dir='ltr'>vt</span> <span class='ocrx_word' id='word_1_175' title='bbox 1113 1388 1157 1422; x_wconf 81' lang='lat'>12</span> <span class='ocrx_word' id='word_1_176' title='bbox 1174 1385 1327 1421; x_wconf 87' lang='lat' dir='ltr'>termini</span> <span class='ocrx_word' id='word_1_177' title='bbox 1345 1385 1385 1421; x_wconf 88' lang='lat' dir='ltr'>in</span> <span class='ocrx_word' id='word_1_178' title='bbox 1409 1384 1548 1432; x_wconf 89' lang='lat' dir='ltr'>quibus</span> <span class='ocrx_word' id='word_1_179' title='bbox 1571 1384 1749 1420; x_wconf 86' lang='lat' dir='ltr'>lectiones</span> 
     </span>
     <span class='ocr_line' id='line_1_22' title="bbox 290 1444 1747 1485; baseline -0.003 0"><span class='ocrx_word' id='word_1_180' title='bbox 290 1448 498 1485; x_wconf 84' lang='lat' dir='ltr'>ordinarias</span> <span class='ocrx_word' id='word_1_181' title='bbox 523 1448 672 1485; x_wconf 89' lang='lat' dir='ltr'>audiuit</span> <span class='ocrx_word' id='word_1_182' title='bbox 695 1448 785 1484; x_wconf 87' lang='lat' dir='ltr'>licet</span> <span class='ocrx_word' id='word_1_183' title='bbox 809 1459 884 1484; x_wconf 90' lang='lat' dir='ltr'>non</span> <span class='ocrx_word' id='word_1_184' title='bbox 909 1447 1062 1483; x_wconf 89' lang='lat' dir='ltr'>omnino</span> <span class='ocrx_word' id='word_1_185' title='bbox 1086 1445 1293 1482; x_wconf 90' lang='lat' dir='ltr'>secundum</span> <span class='ocrx_word' id='word_1_186' title='bbox 1320 1445 1480 1482; x_wconf 87' lang='lat' dir='ltr'>formam</span> <span class='ocrx_word' id='word_1_187' title='bbox 1509 1444 1647 1481; x_wconf 89' lang='lat' dir='ltr'>statuti</span> <span class='ocrx_word' id='word_1_188' title='bbox 1672 1444 1747 1480; x_wconf 84' lang='lat' dir='ltr'>suf-</span> 
     </span>
     <span class='ocr_line' id='line_1_23' title="bbox 292 1502 1749 1554; baseline -0.003 -10"><span class='ocrx_word' id='word_1_189' title='bbox 292 1507 420 1544; x_wconf 84' lang='lat' dir='ltr'>ficiant</span> <span class='ocrx_word' id='word_1_190' title='bbox 452 1507 486 1543; x_wconf 91' lang='lat' dir='ltr'>ei</span> <span class='ocrx_word' id='word_1_191' title='bbox 519 1506 567 1543; x_wconf 85' lang='lat' dir='ltr'>ad</span> <span class='ocrx_word' id='word_1_192' title='bbox 601 1506 902 1554; x_wconf 86' lang='lat' dir='ltr'>respondendum</span> <span class='ocrx_word' id='word_1_193' title='bbox 935 1505 1124 1552; x_wconf 89' lang='lat' dir='ltr'>questioni</span> <span class='ocrx_word' id='word_1_194' title='bbox 1157 1504 1212 1540; x_wconf 91' lang='lat' dir='ltr'>sic</span> <span class='ocrx_word' id='word_1_195' title='bbox 1244 1507 1372 1540; x_wconf 83' lang='lat' dir='ltr'>tamen</span> <span class='ocrx_word' id='word_1_196' title='bbox 1405 1507 1447 1540; x_wconf 92' lang='lat' dir='ltr'>vt</span> <span class='ocrx_word' id='word_1_197' title='bbox 1479 1504 1560 1540; x_wconf 90' lang='lat' dir='ltr'>eius</span> <span class='ocrx_word' id='word_1_198' title='bbox 1587 1502 1749 1540; x_wconf 85' lang='lat' dir='ltr'>eruditio</span> 
     </span>
     <span class='ocr_line' id='line_1_24' title="bbox 291 1561 1748 1612; baseline -0.004 -9"><span class='ocrx_word' id='word_1_199' title='bbox 291 1567 526 1604; x_wconf 79' lang='lat' dir='ltr'>examinetur</span> <span class='ocrx_word' id='word_1_200' title='bbox 554 1568 593 1602; x_wconf 90' lang='lat' dir='ltr'>et</span> <span class='ocrx_word' id='word_1_201' title='bbox 618 1564 848 1612; x_wconf 86' lang='lat' dir='ltr'>approbetur</span> <span class='ocrx_word' id='word_1_202' title='bbox 871 1575 938 1611; x_wconf 90' lang='lat' dir='ltr'>per</span> <span class='ocrx_word' id='word_1_203' title='bbox 961 1564 1236 1600; x_wconf 78' lang='lat' dir='ltr'>examinatores</span> <span class='ocrx_word' id='word_1_204' title='bbox 1265 1563 1378 1599; x_wconf 92' lang='lat' dir='ltr'>huius</span> <span class='ocrx_word' id='word_1_205' title='bbox 1407 1563 1496 1599; x_wconf 85' lang='lat' dir='ltr'>anni</span> <span class='ocrx_word' id='word_1_206' title='bbox 1528 1565 1567 1598; x_wconf 91' lang='lat' dir='ltr'>et</span> <span class='ocrx_word' id='word_1_207' title='bbox 1599 1564 1676 1598; x_wconf 86' lang='lat' dir='ltr'>stet</span> <span class='ocrx_word' id='word_1_208' title='bbox 1708 1561 1748 1597; x_wconf 92' lang='lat' dir='ltr'>in</span> 
     </span>
     <span class='ocr_line' id='line_1_25' title="bbox 292 1623 1132 1672; baseline -0.005 -10"><span class='ocrx_word' id='word_1_209' title='bbox 292 1625 577 1672; x_wconf 82' lang='lat' dir='ltr'>quadragesima</span> <span class='ocrx_word' id='word_1_210' title='bbox 601 1635 687 1660; x_wconf 89' lang='lat' dir='ltr'>cum</span> <span class='ocrx_word' id='word_1_211' title='bbox 713 1623 846 1660; x_wconf 85' lang='lat' dir='ltr'>ceteris</span> <span class='ocrx_word' id='word_1_212' title='bbox 870 1623 1132 1670; x_wconf 86' lang='lat' dir='ltr'>questionistis</span> 
     </span>
    </p>

    <p class='ocr_par' dir='ltr' id='par_1_9' title="bbox 199 1680 1750 1846">
     <span class='ocr_line' id='line_1_26' title="bbox 199 1680 1749 1731; baseline -0.004 -9"><span class='ocrx_word' id='word_1_213' title='bbox 199 1685 519 1722; x_wconf 86' lang='lat' dir='ltr'>Determinatores</span> <span class='ocrx_word' id='word_1_214' title='bbox 543 1683 686 1731; x_wconf 88' lang='lat' dir='ltr'>collegii</span> <span class='ocrx_word' id='word_1_215' title='bbox 709 1683 858 1731; x_wconf 82' lang='lat' dir='ltr'>Regalis</span> <span class='ocrx_word' id='word_1_216' title='bbox 880 1683 950 1719; x_wconf 85' lang='lat' dir='ltr'>hac</span> <span class='ocrx_word' id='word_1_217' title='bbox 972 1682 1260 1730; x_wconf 77' lang='lat' dir='ltr'>quadragesima</span> <span class='ocrx_word' id='word_1_218' title='bbox 1284 1681 1424 1729; x_wconf 90' lang='lat' dir='ltr'>quibus</span> <span class='ocrx_word' id='word_1_219' title='bbox 1449 1680 1552 1717; x_wconf 82' lang='lat' dir='ltr'>nulla</span> <span class='ocrx_word' id='word_1_220' title='bbox 1575 1692 1749 1716; x_wconf 87' lang='lat' dir='ltr'>concessa</span> 
     </span>
     <span class='ocr_line' id='line_1_27' title="bbox 291 1738 1750 1790; baseline -0.003 -12"><span class='ocrx_word' id='word_1_221' title='bbox 291 1754 412 1789; x_wconf 91' lang='lat' dir='ltr'>neque</span> <span class='ocrx_word' id='word_1_222' title='bbox 430 1742 550 1790; x_wconf 84' lang='lat' dir='ltr'>petita</span> <span class='ocrx_word' id='word_1_223' title='bbox 566 1745 625 1778; x_wconf 90' lang='lat' dir='ltr'>est</span> <span class='ocrx_word' id='word_1_224' title='bbox 641 1740 762 1788; x_wconf 77' lang='lat' dir='ltr'>gratia</span> <span class='ocrx_word' id='word_1_225' title='bbox 779 1743 870 1776; x_wconf 88' lang='lat' dir='ltr'>sunt</span> <span class='ocrx_word' id='word_1_226' title='bbox 888 1740 1000 1786; x_wconf 87' lang='lat' dir='ltr'>Hugo</span> <span class='ocrx_word' id='word_1_227' title='bbox 1025 1740 1217 1787; x_wconf 84' lang='lat' dir='ltr'>Alyngton</span> <span class='ocrx_word' id='word_1_228' title='bbox 1238 1739 1294 1775; x_wconf 85' lang='lat' dir='ltr'>Ri.</span> <span class='ocrx_word' id='word_1_229' title='bbox 1322 1738 1527 1774; x_wconf 81' lang='lat' dir='ltr'>Haddocke</span> <span class='ocrx_word' id='word_1_230' title='bbox 1549 1738 1606 1774; x_wconf 90' lang='lat' dir='ltr'>W.</span> <span class='ocrx_word' id='word_1_231' title='bbox 1628 1738 1750 1773; x_wconf 88' lang='lat' dir='ltr'>Lister</span> 
     </span>
     <span class='ocr_line' id='line_1_28' title="bbox 293 1799 1298 1846; baseline -0.003 -9"><span class='ocrx_word' id='word_1_232' title='bbox 293 1801 499 1837; x_wconf 86' lang='lat' dir='ltr'>Nicholaus</span> <span class='ocrx_word' id='word_1_233' title='bbox 517 1800 651 1836; x_wconf 89' lang='lat' dir='ltr'>Belson</span> <span class='ocrx_word' id='word_1_234' title='bbox 669 1799 820 1836; x_wconf 86' lang='lat' dir='ltr'>Bartho.</span> <span class='ocrx_word' id='word_1_235' title='bbox 841 1799 976 1836; x_wconf 81' lang='lat' dir='ltr'>Clarke</span> <span class='ocrx_word' id='word_1_236' title='bbox 993 1802 1032 1835; x_wconf 91' lang='lat' dir='ltr'>et</span> <span class='ocrx_word' id='word_1_237' title='bbox 1049 1799 1140 1835; x_wconf 89' lang='lat' dir='ltr'>Tho.</span> <span class='ocrx_word' id='word_1_238' title='bbox 1161 1799 1298 1846; x_wconf 84' lang='lat' dir='ltr'>Smyth</span> 
     </span>
    </p>
   </div>
   <div class='ocr_carea' id='block_1_3' title="bbox 405 2054 1555 2099">
    <p class='ocr_par' dir='ltr' id='par_1_10' title="bbox 405 2054 1555 2099">
     <span class='ocr_line' id='line_1_29' title="bbox 405 2054 1555 2099; baseline -0.003 0"><span class='ocrx_word' id='word_1_239' title='bbox 405 2057 627 2099; x_wconf 88' lang='lat' dir='ltr'>Numerus</span> <span class='ocrx_word' id='word_1_240' title='bbox 657 2055 1067 2098; x_wconf 82' lang='lat' dir='ltr'>bacchalaureorum</span> <span class='ocrx_word' id='word_1_241' title='bbox 1100 2055 1226 2097; x_wconf 85' lang='lat' dir='ltr'>iuxta</span> <span class='ocrx_word' id='word_1_242' title='bbox 1256 2054 1555 2097; x_wconf 83' lang='lat' dir='ltr'>senioritatem</span> 
     </span>
    </p>
   </div>
   <div class='ocr_carea' id='block_1_4' title="bbox 705 2193 1254 2290">
    <p class='ocr_par' dir='ltr' id='par_1_11' title="bbox 705 2193 1254 2290">
     <span class='ocr_line' id='line_1_30' title="bbox 705 2193 1254 2230; baseline 0 0"><span class='ocrx_word' id='word_1_243' title='bbox 705 2195 847 2230; x_wconf 85' lang='lat' dir='ltr'>Greene</span> <span class='ocrx_word' id='word_1_244' title='bbox 872 2198 959 2230; x_wconf 82' lang='lat' dir='ltr'>actu</span> <span class='ocrx_word' id='word_1_245' title='bbox 985 2193 1254 2230; x_wconf 83' lang='lat' dir='ltr'>bachalaureus</span> 
     </span>
     <span class='ocr_line' id='line_1_31' title="bbox 770 2253 1175 2290; baseline 0.002 -1"><span class='ocrx_word' id='word_1_246' title='bbox 770 2257 813 2290; x_wconf 85' lang='lat'>13</span> <span class='ocrx_word' id='word_1_247' title='bbox 840 2253 1056 2290; x_wconf 85' lang='lat' dir='ltr'>Decembris</span> <span class='ocrx_word' id='word_1_248' title='bbox 1084 2258 1175 2290; x_wconf 84' lang='lat'>1558</span> 
     </span>
    </p>
   </div>
   <div class='ocr_carea' id='block_1_5' title="bbox 434 2337 1551 2846">
    <p class='ocr_par' dir='ltr' id='par_1_12' title="bbox 434 2337 1551 2846">
     <span class='ocr_line' id='line_1_32' title="bbox 436 2337 1538 2384; baseline -0.002 -10"><span class='ocrx_word' id='word_1_249' title='bbox 436 2339 566 2374; x_wconf 89' lang='lat' dir='ltr'>Butler</span> <span class='ocrx_word' id='word_1_250' title='bbox 930 2337 1097 2373; x_wconf 82' lang='lat' dir='ltr'>Burman</span> <span class='ocrx_word' id='word_1_251' title='bbox 1377 2337 1538 2384; x_wconf 82' lang='lat' dir='ltr'>Clayton</span> 
     </span>
     <span class='ocr_line' id='line_1_33' title="bbox 437 2396 1503 2444; baseline -0.001 -12"><span class='ocrx_word' id='word_1_252' title='bbox 437 2397 584 2444; x_wconf 83' lang='lat' dir='ltr'>Layton</span> <span class='ocrx_word' id='word_1_253' title='bbox 929 2396 1126 2443; x_wconf 72' lang='lat' dir='ltr'>Chapman</span> <span class='ocrx_word' id='word_1_254' title='bbox 1379 2396 1503 2432; x_wconf 80' lang='lat' dir='ltr'>Lister</span> 
     </span>
     <span class='ocr_line' id='line_1_34' title="bbox 434 2455 1513 2504; baseline -0.001 -12"><span class='ocrx_word' id='word_1_255' title='bbox 434 2456 627 2504; x_wconf 80' lang='lat' dir='ltr'>Alyngton</span> <span class='ocrx_word' id='word_1_256' title='bbox 930 2455 1051 2492; x_wconf 87' lang='lat' dir='ltr'>Locke</span> <span class='ocrx_word' id='word_1_257' title='bbox 1377 2455 1513 2491; x_wconf 92' lang='lat' dir='ltr'>Belson</span> 
     </span>
     <span class='ocr_line' id='line_1_35' title="bbox 437 2514 1515 2580; baseline 0 -30"><span class='ocrx_word' id='word_1_258' title='bbox 437 2514 566 2550; x_wconf 85' lang='lat' dir='ltr'>Lawse</span> <span class='ocrx_word' id='word_1_259' title='bbox 830 2543 902 2580; x_wconf 63' lang='lat' dir='ltr'>dns</span> <span class='ocrx_word' id='word_1_260' title='bbox 930 2514 1068 2551; x_wconf 82' lang='lat' dir='ltr'>Warde</span> <span class='ocrx_word' id='word_1_261' title='bbox 1379 2514 1515 2550; x_wconf 81' lang='lat' dir='ltr'>Clarke</span> 
     </span>
     <span class='ocr_line' id='line_1_36' title="bbox 437 2572 1525 2620; baseline -0.002 -10"><span class='ocrx_word' id='word_1_262' title='bbox 437 2574 638 2611; x_wconf 80' lang='lat' dir='ltr'>Bradforth</span> <span class='ocrx_word' id='word_1_263' title='bbox 932 2573 1094 2620; x_wconf 85' lang='lat' dir='ltr'>Symson</span> <span class='ocrx_word' id='word_1_264' title='bbox 1376 2572 1525 2620; x_wconf 79' lang='lat' dir='ltr'>Drakys</span> 
     </span>
     <span class='ocr_line' id='line_1_37' title="bbox 438 2631 1515 2678; baseline -0.003 -9"><span class='ocrx_word' id='word_1_265' title='bbox 438 2633 653 2669; x_wconf 85' lang='lat' dir='ltr'>Tesmound</span> <span class='ocrx_word' id='word_1_266' title='bbox 931 2631 1136 2668; x_wconf 70' lang='lat' dir='ltr'>Haddocke</span> <span class='ocrx_word' id='word_1_267' title='bbox 1377 2631 1515 2678; x_wconf 79' lang='lat' dir='ltr'>Smyth</span> 
     </span>
     <span class='ocr_line' id='line_1_38' title="bbox 437 2689 1523 2739; baseline -0.003 -11"><span class='ocrx_word' id='word_1_268' title='bbox 437 2691 578 2739; x_wconf 87' lang='lat' dir='ltr'>Wellys</span> <span class='ocrx_word' id='word_1_269' title='bbox 930 2691 1095 2727; x_wconf 82' lang='lat' dir='ltr'>Arnesse</span> <span class='ocrx_word' id='word_1_270' title='bbox 1378 2689 1403 2726; x_wconf 88' lang='lat' dir='ltr'><strong>J</strong></span> <span class='ocrx_word' id='word_1_271' title='bbox 1404 2701 1523 2725; x_wconf 89' lang='lat' dir='ltr'>onson</span> 
     </span>
     <span class='ocr_line' id='line_1_39' title="bbox 436 2748 1473 2797; baseline -0.002 -11"><span class='ocrx_word' id='word_1_272' title='bbox 436 2750 596 2787; x_wconf 79' lang='lat' dir='ltr'>Oxforth</span> <span class='ocrx_word' id='word_1_273' title='bbox 932 2750 1151 2797; x_wconf 82' lang='lat' dir='ltr'>Parkynson</span> <span class='ocrx_word' id='word_1_274' title='bbox 1379 2748 1473 2785; x_wconf 86' lang='lat' dir='ltr'>Hull</span> 
     </span>
     <span class='ocr_line' id='line_1_40' title="bbox 438 2807 1551 2846; baseline -0.002 -2"><span class='ocrx_word' id='word_1_275' title='bbox 438 2810 593 2846; x_wconf 87' lang='lat' dir='ltr'>Browne</span> <span class='ocrx_word' id='word_1_276' title='bbox 930 2809 1120 2844; x_wconf 81' lang='lat' dir='ltr'>Laurence</span> <span class='ocrx_word' id='word_1_277' title='bbox 1378 2807 1551 2844; x_wconf 86' lang='lat' dir='ltr'>Wethers</span> 
     </span>
    </p>
   </div>
  </div>
 </body>
</html>
