2008 3216
339 169 423 211 152
918 176 1071 209 omen
1101 177 1226 209 Boox
1257 177 1288 208 Δ
1666 164 1887 220 [1561-62

184 745 211 784 f.
235 745 286 784 62
298 746 325 784 b
634 809 638 812 γ
952 743 1283 799 [1561—1562]

343 882 506 925 Gratiae
546 881 640 924 siue
681 880 920 938 peticiones
955 895 1155 923 concesse
1195 880 1239 923 in
1278 881 1408 937 plena
1437 880 1771 938 congregatione
1807 880 1891 922 Re-

458 953 659 1010 gentium
701 961 747 994 et
791 965 878 993 non
929 950 1194 1008 Regentium
1236 965 1262 992 a
1303 950 1412 994 festo
1463 950 1616 994 Sancti
1667 950 1893 993 Michaelis

459 1022 722 1080 Archangeli
755 1037 869 1064 anno
902 1023 1012 1065 1561
1048 1036 1181 1078 vsque
1215 1021 1331 1064 idem
1366 1021 1527 1064 festum
1560 1028 1666 1065 tunc
1698 1021 1892 1079 proxime

459 1108 644 1151 sequens
724 1091 927 1149 Philippo
957 1092 1102 1134 Baker
1132 1107 1250 1134 sacre
1278 1091 1496 1148 theologie
1523 1092 1758 1148 professore
1786 1097 1892 1134 tunc

460 1162 809 1206 vicecancellario
849 1169 895 1204 et
936 1161 1158 1204 Willelmo
1202 1161 1368 1204 Master
1407 1167 1453 1204 et
1494 1161 1681 1219 Georgio
1730 1161 1892 1218 Blythe

457 1233 808 1291 procuratoribus

340 1365 569 1402 Conceditur
593 1367 637 1400 13
660 1362 835 1400 Octobris
858 1365 900 1398 vt
925 1374 1055 1399 omnes
1079 1363 1208 1409 gratiae
1232 1362 1467 1399 admittende
1491 1374 1558 1410 per
1581 1362 1774 1398 dominum
1797 1362 1893 1399 viee-

435 1424 696 1460 cancellarium
722 1423 893 1459 doctores
920 1422 1038 1458 Perne
1061 1422 1208 1458 Gascon
1233 1426 1272 1458 et
1294 1422 1448 1458 Walker
1468 1422 1667 1468 magistros
1692 1422 1832 1469 Stokys
1855 1423 1895 1458 et

436 1483 545 1519 Noke
566 1483 714 1530 possint
736 1493 955 1518 concurrere
978 1481 1017 1517 in
1037 1483 1202 1528 quatuor
1223 1480 1572 1527 congregationibus
1594 1481 1706 1517 huius
1728 1481 1818 1517 anni
1841 1481 1895 1516 sic

436 1546 478 1578 vt
494 1553 625 1578 omnes
640 1540 880 1577 consentiant

828 1754 1139 1798 Bacchalaurei
1169 1754 1214 1798 in
1246 1754 1414 1798 artibus

341 1882 570 1920 Conceditur
593 1884 637 1918 12
663 1878 882 1917 Decembris
908 1879 1073 1915 Heni-ico
1096 1878 1227 1916 Cliffar
1249 1883 1292 1916 vt
1317 1880 1354 1916 xi
1379 1879 1531 1916 termini
1556 1891 1643 1916 cum
1668 1879 1830 1916 termino
1855 1878 1895 1915 in

436 1955 511 1991 quo
528 1943 567 1979 in
584 1940 725 1989 quibus
742 1939 921 1976 lectiones
938 1939 1146 1975 ordinarias
1162 1939 1309 1976 audivit
1325 1939 1413 1976 licet
1430 1951 1503 1975 non
1521 1939 1672 1975 omnino
1689 1938 1895 1975 secundum

437 2003 595 2038 formam
619 1999 758 2036 statuti
781 2010 869 2035 cum
891 1997 1193 2046 oppositionibus
1217 1997 1522 2046 responsionibus
1543 2001 1583 2034 et
1604 1998 1688 2034 aliis
1709 1998 1896 2034 exercitiis

438 2072 504 2110 per
519 2060 620 2107 regia
636 2060 783 2095 statuta
800 2057 994 2105 requisitis
1011 2057 1201 2094 sufficiant
1216 2057 1251 2094 ei
1268 2057 1316 2094 ad
1333 2057 1633 2105 respondendum
1651 2057 1839 2104 questioni

343 2120 571 2158 Conceditur
605 2121 649 2154 12
679 2116 898 2154 Decembris
930 2116 988 2153 Jo.
1020 2117 1115 2153 Bate
1144 2121 1186 2154 vt
1219 2117 1268 2165 xij
1299 2117 1451 2154 termini
1484 2117 1523 2154 in
1552 2116 1691 2164 quibus
1719 2117 1897 2153 lectiones

437 2177 646 2215 ordinarias
671 2175 818 2213 audivit
844 2175 933 2212 licet
959 2187 1033 2211 non
1061 2175 1214 2212 omnino
1239 2175 1443 2212 secundum
1468 2175 1626 2213 formam
1649 2176 1785 2212 statuti
1808 2187 1894 2212 cum

438 2235 738 2286 oppositionibus
774 2234 1080 2283 responsionibus
1111 2237 1151 2271 et
1183 2234 1268 2271 aliis
1300 2235 1487 2273 exercitiis
1519 2246 1586 2282 per
1618 2235 1719 2282 regia
1749 2238 1896 2272 statuta

439 2296 631 2345 requisitis
655 2294 845 2331 sufficiant
868 2294 902 2330 ei
927 2293 975 2330 ad
1000 2293 1302 2342 respondendum
1327 2294 1514 2341 questioni

347 2357 488 2395 Eadem
516 2355 638 2403 gratia
665 2352 884 2390 conceditur
912 2355 958 2389 23
986 2353 1160 2390 Januarii
1191 2353 1375 2390 Lodovico
1403 2353 1590 2390 Williams
1617 2353 1673 2390 W.
1703 2353 1897 2402 Bromfyld

444 2416 572 2453 Franc.
609 2412 757 2461 Burghe
790 2412 847 2451 W.
883 2412 1058 2461 Twaytes
1091 2412 1147 2451 W.
1185 2412 1345 2461 Hartley
1379 2413 1446 2450 Ed.
1481 2413 1628 2451 Croftes
1662 2414 1726 2451 Ro.
1762 2415 1897 2452 Garret

445 2473 647 2511 Laurentio
672 2471 875 2509 Barnewell
902 2471 970 2509 Ed.
996 2471 1082 2519 Gyll
1109 2471 1210 2510 Rioo.
1239 2471 1356 2519 Ridge
1382 2472 1489 2509 Edm.
1515 2472 1657 2509 Burton
1682 2473 1738 2510 W.
1763 2474 1896 2511 Sterne

442 2534 500 2571 W.
528 2533 724 2580 Chnpman
752 2531 808 2568 W.
841 2530 987 2568 Fourdc
1018 2530 1116 2567 Luce
1145 2531 1295 2579 Gylpyn
1323 2531 1380 2568 W.
1411 2531 1556 2568 Fenton
1588 2532 1736 2569 Humfr.
1765 2534 1896 2571 Askall

442 2594 534 2630 Tho.
569 2590 728 2639 Smythe
762 2590 818 2628 W.
853 2589 988 2627 Clarke
1021 2590 1118 2638 Aug.
1153 2589 1321 2627 Steward
1354 2590 1412 2628 J0.
1446 2589 1610 2627 Stubbes
1645 2592 1704 2630 J0.
1740 2592 1896 2630 Watson

443 2653 535 2689 Tho.
562 2650 751 2698 Aldrydgo
776 2649 833 2687 W.
860 2649 944 2686 Sole

351 2712 489 2750 Eadem
508 2710 630 2758 gratia
645 2708 863 2746 conceditur
880 2711 927 2745 ³0
941 2707 1112 2745 sanum-ii
1131 2707 1331 2746 Vincentio
1347 2708 1454 2746 Tuke
1471 2709 1603 2757 Egidio
1622 2710 1792 2748 Patricke

351 2772 490 2809 Eadem
517 2769 637 2817 gratia
661 2767 878 2805 conceditur
903 2770 949 2804 23
973 2767 1145 2804 Jauuarii
1171 2779 1257 2805 cum
1283 2768 1318 2816 xj
1343 2768 1516 2805 torminis
1539 2768 1596 2806 Jo.
1626 2770 1758 2819 Kynge
1785 2771 1895 2810 Laur.

449 2830 561 2877 llylny
583 2828 613 2864 N
620 2827 761 2864 iuholm»
782 2826 981 2875 llobynnon
1005 2826 1051 2863 11.
1072 2827 1295 2864 Cmnshawe
1312 2827 1369 2865 Jo.
1387 2827 1612 2865 Grenewood
1639 2829 1715 2866 uio.
1733 2830 1898 2868 Jackson

444 2889 587 2926 Simoni
608 2887 733 2923 Buckc
831 2887 881 2923 Et
898 2890 945 2923 30
961 2886 1132 2923 sanum-ii
1150 2887 1207 2924 so.
1229 2887 1408 2924 Newland
