1976 3276
335 180 420 224 234
920 188 1071 223 omos
1102 187 1227 222 Boon
1258 189 1288 220 Δ
1666 175 1888 233 [1569-70

913 465 1114 523 Magistri
1143 464 1309 508 artium

337 589 567 626 Conceditur
585 592 630 625 10
647 590 778 626 Martii
794 589 949 625 domino
965 589 990 625 J
992 601 1023 626 o.
1044 588 1226 625 Lambart
1246 591 1290 625 vt
1309 592 1332 625 9
1352 589 1507 625 termini
1527 591 1614 636 post
1635 588 1785 624 finalem
1808 588 1890 624 eius

430 649 791 685 determinationem
821 649 860 684 in
894 649 1034 695 quibus
1067 649 1248 685 lectiones
1280 648 1489 684 ordinarias
1521 647 1670 684 audivit
1697 647 1786 683 licet
1814 658 1889 682 non

432 709 587 744 omnino
611 709 820 744 secundum
845 709 1006 744 formam
1031 708 1168 744 statuti
1195 720 1280 744 cum
1307 707 1609 755 oppositionibus
1642 705 1889 753 responsioni-

432 767 504 804 bus
528 770 568 803 et
592 767 677 803 aliis
702 767 891 803 exercitiis
920 779 986 814 per
1015 770 1163 803 statuta
1190 766 1385 813 requisitis
1415 766 1604 801 sufficiant
1628 766 1660 800 ei
1686 765 1734 800 ad
1759 765 1890 812 incipi-

433 826 572 862 endum
598 827 637 862 in
663 826 810 862 artibus

340 886 483 921 Eadem
507 886 629 932 gratia
652 886 870 922 conceditur
897 889 938 922 11
967 886 1097 922 Martii
1122 886 1156 922 d.
1183 886 1242 922 J0.
1270 885 1449 921 Nicolson
1473 885 1508 921 d.
1536 885 1642 922 Geor.
1669 883 1891 920 Fortiscewe

435 946 470 981 d.
507 945 625 981 mer.
657 945 818 993 Tyndall
848 946 882 982 d.
915 946 1045 982 Franc.
1081 945 1251 993 Lyndley
1285 945 1320 981 d.
1357 945 1535 981 Christo‘.
1565 942 1684 980 Wake
1712 943 1747 979 d.
1782 942 1888 978 Geor.

437 1006 597 1042 Northie
621 1006 656 1042 d.
683 1006 774 1042 Tho.
802 1006 975 1042 Churche
999 1006 1034 1042 d.
1062 1006 1174 1042 Leon.
1202 1005 1407 1052 Nityngale
1432 1004 1466 1040 d.
1494 1005 1625 1040 Franc.
1652 1003 1790 1050 Taylor

342 1066 485 1102 Eadem
502 1066 623 1113 gratia
639 1067 858 1102 conceditur
876 1069 922 1102 10
938 1067 1082 1113 Aprilis
1102 1066 1138 1102 d.
1162 1065 1328 1102 Roberto
1349 1066 1533 1114 Conwaye
1555 1065 1589 1102 d.
1614 1065 1773 1101 Ricardo
1793 1065 1890 1101 Ban-

437 1126 555 1162 crofte
575 1125 612 1164 d.
634 1126 700 1162 Ro.
725 1126 913 1162 Patenson
933 1126 968 1162 d.
989 1126 1098 1162 Fran.
1120 1125 1366 1162 Ashebourne
1385 1126 1420 1162 d.
1441 1126 1538 1162 Hen.
1559 1126 1713 1161 Nantou
1731 1125 1765 1161 d.
1785 1124 1889 1161 Griff.

437 1184 599 1231 Briskyn
623 1184 658 1220 d.
679 1185 768 1231 Rog.
788 1185 997 1221 Chauntler
1016 1185 1051 1221 d.
1071 1185 1164 1221 Rob.
1190 1185 1310 1221 Benet
1331 1185 1366 1221 d.
1392 1184 1552 1220 Ricardo
1575 1185 1706 1220 Mousc
1729 1184 1763 1220 d.
1788 1184 1889 1231 Step.

438 1243 573 1291 Mylles
595 1243 630 1279 d.
656 1244 851 1280 Emanuel.
877 1243 1070 1280 Cevalerio
1094 1243 1129 1280 d.
1155 1243 1319 1280 Roberto
1345 1245 1474 1280 Porter
1494 1244 1529 1280 d.
1555 1244 1645 1279 Tho.
1672 1243 1832 1279 Bedwell
1855 1243 1890 1279 d.

436 1303 498 1338 W⁰
523 1303 660 1339 Muffet
682 1303 717 1339 d.
743 1303 904 1339 Ricardo
924 1304 1043 1340 Wood
1066 1304 1101 1340 d.
1126 1304 1184 1340 J0.
1210 1304 1352 1351 Copcot
1377 1304 1411 1340 d.
1439 1303 1506 1340 Ed.
1533 1303 1686 1340 Gilberd
1711 1303 1746 1339 d.
1772 1303 1891 1339 Anth.

438 1363 549 1399 Rudd
567 1363 602 1399 d.
621 1363 644 1399 J
647 1375 679 1399 o.
698 1363 856 1411 Studley

155 1417 181 1457 f.
208 1417 323 1455 lOOb
342 1422 484 1458 Eadem
507 1422 629 1468 gratia
651 1422 871 1458 conceditur
887 1425 933 1458 24
950 1422 1094 1469 Aprilis
1109 1422 1143 1458 d.
1165 1422 1338 1470 Philippo
1356 1422 1458 1458 Hare
1474 1421 1508 1458 d.
1529 1422 1619 1458 Tho.
1640 1421 1892 1470 Lau[2n]gton

435 1481 470 1516 d.
498 1481 610 1516 Leon.
638 1481 750 1517 Some

342 1539 484 1576 Eadem
502 1539 625 1586 gratia
642 1540 863 1576 conceditur
880 1542 925 1575 28
943 1540 1088 1587 Aprilis
1105 1539 1139 1576 d.
1159 1540 1227 1577 Ed.
1247 1540 1453 1576 Ackworth

342 1598 482 1635 Eadem
500 1598 623 1645 gratia
639 1598 858 1635 conceditur
875 1602 914 1634 2⁰
930 1599 953 1635 J
957 1599 1038 1635 unii
1059 1598 1094 1635 d.
1114 1599 1302 1635 Willelmo
1326 1599 1428 1635 Coell
1449 1599 1484 1635 d.
1502 1599 1561 1635 J0.
1580 1599 1729 1635 Waters
1745 1599 1780 1635 d.
1799 1599 1891 1636 Tho.

437 1659 626 1695 Laurence
648 1658 683 1695 d.
704 1659 800 1695 Hen.
821 1659 1015 1695 Heicrofte
1031 1658 1066 1695 d.
1087 1659 1184 1696 Hen.
1204 1658 1323 1695 Leder
1338 1658 1374 1694 d.
1395 1658 1559 1695 Roberto
1577 1659 1713 1695 Bolton
1730 1658 1764 1695 d.
1783 1658 1891 1695 Edm.

437 1719 650 1766 Francklyn
675 1718 711 1755 d.
738 1718 802 1755 W⁰
827 1719 976 1766 Wright
1004 1718 1039 1755 d.
1067 1719 1130 1755 W⁰
1155 1718 1399 1755 Crostewaite
1428 1718 1463 1755 d.
1491 1718 1600 1754 Edm.
1629 1718 1833 1766 Robynson
1856 1718 1892 1755 d.

438 1778 616 1815 Christos.
637 1777 779 1815 Webbe

344 1837 486 1874 Eadem
508 1838 630 1884 gratia
649 1837 868 1874 conceditur
891 1840 936 1874 10
958 1838 1065 1874 Junii
1089 1837 1122 1874 d.
1147 1837 1205 1873 J0.
1231 1837 1353 1873 Becke
1376 1837 1410 1873 d.
1439 1837 1600 1874 Ricardo
1623 1836 1832 1885 Chadsleye
1856 1842 1896 1874 et

438 1900 486 1933 30
501 1897 524 1932 J
528 1896 608 1933 unii
625 1896 660 1933 d.
678 1897 702 1933 J
705 1908 736 1933 o.
757 1896 899 1933 Leeche
920 1896 955 1933 d.
982 1897 1079 1933 Hen.
1100 1896 1303 1932 Marcrofte
1325 1899 1366 1932 et
1388 1896 1541 1932 domino
1561 1896 1750 1933 Willelmo
1774 1896 1896 1933 Harte

437 1960 477 1993 et
500 1958 521 1995 7
543 1957 568 1993 J
572 1957 638 1994 ulii
658 1956 694 1993 d.
714 1957 811 1993 Heu.
832 1956 1059 1993 Whilshawe
1081 1968 1169 1993 cum
1191 1956 1359 1992 clausula
1382 1956 1436 1991 sic
1454 1958 1496 1992 vt
1513 1956 1594 1991 eius
1616 1955 1796 1992 admissio
1817 1958 1896 1993 stet

438 2028 506 2064 pro
522 2016 720 2064 completis
736 2016 856 2064 gradu
871 2020 911 2053 et
927 2016 1050 2052 forma
1066 2015 1272 2063 magisterii
1290 2015 1329 2051 in
1347 2014 1494 2051 artibus

345 2074 574 2111 Conceditur
599 2076 641 2112 17
670 2074 801 2110 Martii
823 2074 929 2111 Geor.
958 2074 1116 2122 Jermyn
1145 2073 1222 2110 filio
1250 2073 1394 2110 domini
1421 2072 1552 2110 Ambr.
1580 2072 1738 2121 Jermyn
1763 2073 1897 2110 militis

442 2136 482 2170 vt
504 2136 526 2170 9
550 2134 702 2170 termini
724 2137 812 2181 post
834 2146 1049 2170 concessam
1066 2133 1379 2170 bachalaureatus
1398 2132 1559 2180 gratiam
1580 2132 1770 2170 sufficiant
1792 2133 1826 2170 ei
1847 2132 1895 2170 ad

441 2193 695 2240 incipiendum
727 2193 763 2229 in
794 2193 941 2229 artibus
970 2205 1055 2229 cum
1089 2192 1265 2229 omuibus
1297 2192 1485 2228 exercitiis
1519 2203 1585 2239 per
1617 2195 1764 2228 statuta
1797 2192 1897 2239 regia

442 2252 633 2300 requisitis
662 2253 717 2289 ita
746 2256 874 2289 tamen
902 2256 943 2289 vt
970 2251 1194 2300 respondeat
1223 2252 1261 2288 in
1289 2250 1423 2288 habitu
1450 2250 1683 2287 bachalaurii
1710 2255 1750 2287 et
1775 2251 1897 2289 solvat

441 2311 680 2347 vniuersitnti
707 2323 753 2346 xx
765 2322 784 2347 s

346 2371 431 2407 Vna
460 2382 546 2407 cum
575 2370 650 2406 hiis
679 2370 901 2417 inceperunt
928 2369 975 2407 de
1003 2369 1157 2416 collegio
1188 2369 1303 2417 Regio
1329 2368 1469 2416 quibus
1499 2368 1603 2405 nulla
1630 2368 1752 2415 gratia
1777 2368 1898 2416 petita.

441 2441 562 2476 neque
578 2428 814 2476 dispensacio
831 2440 1007 2466 concessa.
1025 2428 1126 2465 Osm.
1149 2428 1269 2465 Lakcs
1286 2428 1354 2465 Ed.
1376 2428 1543 2470 Burcher
1561 2428 1698 2466 Matth.
1718 2427 1896 2464 Chalfont

438 2492 479 2525 et
500 2487 695 2535 Philippus
715 2486 884 2535 Manfyld
1599 2487 1605 2492 “

345 2546 573 2583 Conceditur
604 2549 648 2582 10
675 2546 697 2582 J
704 2546 781 2583 unii
808 2546 987 2593 magistro
1013 2546 1104 2583 Tho.
1135 2545 1282 2581 Norton
1310 2549 1352 2582 vt
1378 2545 1548 2582 studium
1579 2548 1622 2581 12
1647 2556 1831 2581 annorum
1857 2545 1896 2582 in

441 2604 727 2642 humanioribus
743 2604 954 2653 disciplinis
972 2605 1136 2642 sufficiat
1153 2605 1186 2643 oi
1204 2605 1252 2642 ad
1274 2604 1530 2652 incipiendum
1552 2604 1588 2640 in
1611 2603 1759 2641 artibus
1781 2605 1835 2641 sic
1856 2609 1898 2642 vt

440 2665 522 2701 oiim
543 2664 723 2704 admissio
745 2667 822 2700 stet
846 2676 912 2711 pro
934 2665 1130 2712 completis
1154 2664 1272 2712 gradu
1295 2669 1334 2700 ot
1358 2665 1478 2700 formu
1502 2664 1539 2699 iu
1564 2663 1693 2700 eudem
1718 2664 1897 2700 facultate

443 2723 643 2760 Admissus
667 2726 706 2760 3⁰
730 2723 822 2759 Julii
