2008 3294
117 183 332 242 1573-74]
693 196 845 228 GRACE
876 197 1000 227 BOOK
1031 197 1061 227 Δ
1573 184 1656 225 275

111 299 206 336 Oum
223 300 392 336 dimissio
408 300 457 336 ad
474 301 619 336 firmam
637 300 793 336 rectorie
811 303 933 336 vestre
949 300 996 336 de
1014 299 1173 336 Burwell
1196 300 1296 336 facta
1318 301 1497 346 magistro
1513 299 1657 334 Thome

206 358 389 394 Gardiner
411 370 522 394 suum
547 358 726 393 sortietur
748 357 922 393 effectum
948 360 987 393 et
1012 358 1167 404 incipiet
1192 357 1288 393 festo
1312 358 1433 393 sancti
1464 356 1657 393 Michaelis

204 416 415 463 archangeli
444 417 612 464 proximo
638 416 765 452 futuro
823 419 862 451 et
889 416 1054 452 Thomas
1084 416 1204 452 Fokes
1236 416 1423 452 firmarius
1455 415 1657 451 modernus

206 476 271 522 qui
297 487 396 512 nunc
420 475 535 511 habet
560 475 619 511 ius
642 478 683 510 et
707 475 863 511 titulum
888 474 979 511 dicti
1006 475 1097 511 Tho.
1122 474 1307 510 Gardiner
1331 475 1526 510 humilima
1551 476 1658 520 petat

206 538 248 571 vt
287 534 493 571 deliberata
537 534 584 571 ad
626 546 760 570 manus
799 538 943 571 vestras
979 534 1198 571 dimissione
1237 535 1337 571 facta
1373 534 1475 571 dicto
1515 534 1658 570 'rhome

205 594 389 630 Gardiner
421 594 522 630 dicta
554 594 714 630 rectoria
752 605 820 640 pro
852 593 981 630 eodem
1015 605 1201 630 annornm
1238 594 1400 630 termino
1431 596 1470 630 et
1502 592 1656 629 eiisdem

205 654 381 690 clausulis
397 658 436 690 et
452 653 733 690 condicionibus
753 653 824 689 sibi
841 656 881 689 et
897 654 1098 700 assignatis
1121 654 1200 690 suis
1223 654 1374 690 nomine
1389 654 1480 690 dicti
1502 653 1655 689 firmarii

203 713 448 750 concedaturl
499 714 625 750 Placet
642 713 748 749 vobis
766 716 807 749 vt
823 713 999 749 dominus
1013 713 1338 749 vicecancellarius
1354 713 1524 749 doctores
1539 713 1655 748 Perne
1674 718 1685 738 1
1702 721 1802 758 vacat

206 773 382 809 Hawford
408 773 622 810 Ohaderton
653 773 784 820 Harvy
811 773 924 808 Ithell
949 776 988 808 et
1018 773 1134 819 Binge
1159 776 1198 808 et
1222 772 1365 808 domiui
1395 775 1655 819 procuratores
1672 762 1755 804 qnia

205 832 368 869 habeant
384 834 648 869 auctoritatem
663 835 825 868 vestram
843 832 890 868 ad
907 832 1103 868 locandam
1121 831 1262 868 dictam
1281 832 1477 868 rectoriam
1491 834 1654 868 vestram
1673 808 1845 883 ξ’ἓέιξξζνη

204 891 250 927 de
269 892 425 928 Burwell
443 892 544 928 dicto
560 892 737 928 moderno
755 892 918 927 firmario
934 891 1006 928 snb
1022 892 1184 928 termino
1200 892 1452 941 predictorum
1471 902 1654 927 annornm
1673 894 1805 927 dictam

204 950 333 987 eodem
356 951 505 987 redditu
522 954 560 986 et
581 950 735 986 eiisdem
759 950 1040 986 condicionibus
1065 962 1207 987 necnon
1226 950 1379 986 domum
1406 962 1527 997 nuper
1541 950 1654 996 assig-
1673 937 1849 970 ⁰⁰¹¹⁰⁶³⁸i⁰

205 1012 333 1045 natam
363 1009 498 1045 vicario
526 1009 665 1045 ibidem
695 1021 762 1056 pro
790 1012 892 1044 certo
922 1009 1071 1045 redditu
1100 1010 1154 1045 sic
1183 1012 1225 1044 vt
1251 1009 1289 1045 id
1320 1012 1446 1044 ratum
1475 1009 1527 1044 sit
1555 1008 1655 1055 quod
1675 992 1755 1014 nem

205 1069 323 1104 maior
354 1081 441 1116 pars
468 1080 596 1104 corum
629 1080 714 1103 cum
747 1079 930 1104 consensu
958 1067 1100 1103 domini
1134 1067 1423 1103 vicecancellarii
1452 1067 1657 1103 decreverit

205 1131 244 1164 et
283 1128 467 1174 sigilletur
506 1127 627 1173 sigillo
664 1130 789 1163 vestro
834 1127 1024 1162 communi
1065 1130 1104 1162 et
1145 1126 1270 1163 dictus
1310 1126 1496 1162 firmarius
1535 1126 1657 1162 solvat

206 1188 441 1225 vninersitati
468 1188 618 1224 nomine
644 1187 728 1223 finis
752 1187 831 1222 sive
855 1187 1035 1222 introitus
1058 1186 1226 1233 quinque
1251 1198 1397 1222 marcas

111 1248 337 1284 Conceditur
368 1251 407 1284 3⁰
438 1248 529 1284 Julii
570 1247 750 1294 magistro
788 1247 898 1282 Petro
931 1246 1063 1281 Shawe
1097 1249 1137 1281 vt
1177 1245 1314 1281 habeat
1351 1246 1480 1281 literas
1514 1250 1657 1280 vestras

205 1306 474 1342 testimoniales
506 1305 642 1351 gradus
670 1308 709 1340 et
738 1305 1034 1340 conversacionis
1067 1315 1133 1339 sue
1165 1303 1347 1350 sigillatas
1380 1303 1500 1350 sigillo
1535 1307 1657 1338 vestro

205 1366 394 1402 communi

1419 2961 1550 3003 18--2
