<?xml version="1.0" encoding="UTF-8"?>
<!DOCTYPE html PUBLIC "-//W3C//DTD XHTML 1.0 Transitional//EN"
    "http://www.w3.org/TR/xhtml1/DTD/xhtml1-transitional.dtd">
<html xmlns="http://www.w3.org/1999/xhtml" xml:lang="en" lang="en">
 <head>
  <title>
</title>
<meta http-equiv="Content-Type" content="text/html;charset=utf-8" />
  <meta name='ocr-system' content='tesseract 3.04.00' />
  <meta name='ocr-capabilities' content='ocr_page ocr_carea ocr_par ocr_line ocrx_word'/>
</head>
<body>
  <div class='ocr_page' id='page_1' title='image "./gracebookdeltaco00univuoft_0388.png"; bbox 0 0 2008 3294; ppageno 0'>
   <div class='ocr_carea' id='block_1_1' title="bbox 365 176 1915 232">
    <p class='ocr_par' dir='ltr' id='par_1_1' title="bbox 365 176 1915 232">
     <span class='ocr_line' id='line_1_1' title="bbox 365 176 1915 232; baseline -0.006 -6"><span class='ocrx_word' id='word_1_1' title='bbox 365 185 451 227; x_wconf 87' lang='lat'><strong>354</strong></span> <span class='ocrx_word' id='word_1_2' title='bbox 946 190 1098 222; x_wconf 82' lang='lat' dir='ltr'><strong>GRACE</strong></span> <span class='ocrx_word' id='word_1_3' title='bbox 1128 190 1254 222; x_wconf 80' lang='lat' dir='ltr'><strong>BooK</strong></span> <span class='ocrx_word' id='word_1_4' title='bbox 1288 189 1318 221; x_wconf 85' lang='grc' dir='ltr'>Δ</span> <span class='ocrx_word' id='word_1_5' title='bbox 1691 176 1915 232; x_wconf 84' lang='grc'>[1581-82</span> 
     </span>
    </p>
   </div>
   <div class='ocr_carea' id='block_1_2' title="bbox 832 407 1457 466">
    <p class='ocr_par' dir='ltr' id='par_1_2' title="bbox 832 407 1457 466">
     <span class='ocr_line' id='line_1_2' title="bbox 832 407 1457 466; baseline -0.006 -12"><span class='ocrx_word' id='word_1_6' title='bbox 832 409 1140 454; x_wconf 81' lang='lat' dir='ltr'><strong>Bacchalaurei</strong></span> <span class='ocrx_word' id='word_1_7' title='bbox 1170 409 1287 466; x_wconf 87' lang='lat' dir='ltr'><strong>juris</strong></span> <span class='ocrx_word' id='word_1_8' title='bbox 1317 407 1457 450; x_wconf 89' lang='lat' dir='ltr'><strong>civilis</strong></span> 
     </span>
    </p>
   </div>
   <div class='ocr_carea' id='block_1_3' title="bbox 366 522 1920 809">
    <p class='ocr_par' dir='ltr' id='par_1_3' title="bbox 366 522 1920 739">
     <span class='ocr_line' id='line_1_3' title="bbox 366 522 1918 573; baseline -0.004 -10"><span class='ocrx_word' id='word_1_9' title='bbox 366 527 595 563; x_wconf 76' lang='lat' dir='ltr'>Conceditur</span> <span class='ocrx_word' id='word_1_10' title='bbox 617 530 656 563; x_wconf 91' lang='grc'><strong>30</strong></span> <span class='ocrx_word' id='word_1_11' title='bbox 672 526 816 573; x_wconf 85' lang='lat' dir='ltr'>Aprilis</span> <span class='ocrx_word' id='word_1_12' title='bbox 836 526 1005 562; x_wconf 89' lang='lat' dir='ltr'><strong>Antonio</strong></span> <span class='ocrx_word' id='word_1_13' title='bbox 1028 525 1135 572; x_wconf 84' lang='lat' dir='ltr'><strong>Style</strong></span> <span class='ocrx_word' id='word_1_14' title='bbox 1152 528 1195 561; x_wconf 87' lang='lat' dir='ltr'><strong>vt</strong></span> <span class='ocrx_word' id='word_1_15' title='bbox 1216 524 1386 561; x_wconf 89' lang='lat' dir='ltr'><strong>studium</strong></span> <span class='ocrx_word' id='word_1_16' title='bbox 1404 528 1426 560; x_wconf 85' lang='lat'>5</span> <span class='ocrx_word' id='word_1_17' title='bbox 1443 536 1629 560; x_wconf 81' lang='lat' dir='ltr'><strong>annorum</strong></span> <span class='ocrx_word' id='word_1_18' title='bbox 1653 524 1692 559; x_wconf 86' lang='lat' dir='ltr'><strong>in</strong></span> <span class='ocrx_word' id='word_1_19' title='bbox 1715 523 1795 559; x_wconf 86' lang='lat' dir='ltr'><strong>iure</strong></span> <span class='ocrx_word' id='word_1_20' title='bbox 1817 522 1918 558; x_wconf 89' lang='lat' dir='ltr'><strong>civili</strong></span> 
     </span>
     <span class='ocr_line' id='line_1_4' title="bbox 460 580 1920 632; baseline -0.003 -11"><span class='ocrx_word' id='word_1_21' title='bbox 460 597 547 621; x_wconf 87' lang='lat' dir='ltr'><strong>cum</strong></span> <span class='ocrx_word' id='word_1_22' title='bbox 568 584 873 632; x_wconf 90' lang='lat' dir='ltr'><strong>opposicionibus</strong></span> <span class='ocrx_word' id='word_1_23' title='bbox 892 583 1199 631; x_wconf 79' lang='lat' dir='ltr'>responsionibus</span> <span class='ocrx_word' id='word_1_24' title='bbox 1215 586 1255 619; x_wconf 85' lang='lat' dir='ltr'><strong>et</strong></span> <span class='ocrx_word' id='word_1_25' title='bbox 1271 583 1356 618; x_wconf 77' lang='lat' dir='ltr'><strong>aliis</strong></span> <span class='ocrx_word' id='word_1_26' title='bbox 1372 583 1558 619; x_wconf 86' lang='lat' dir='ltr'><strong>exercitiis</strong></span> <span class='ocrx_word' id='word_1_27' title='bbox 1575 594 1641 629; x_wconf 84' lang='lat' dir='ltr'><strong>per</strong></span> <span class='ocrx_word' id='word_1_28' title='bbox 1656 584 1804 618; x_wconf 81' lang='lat' dir='ltr'><strong>statuta</strong></span> <span class='ocrx_word' id='word_1_29' title='bbox 1819 580 1920 627; x_wconf 73' lang='lat' dir='ltr'><strong>regia</strong></span> 
     </span>
     <span class='ocr_line' id='line_1_5' title="bbox 460 639 1919 690; baseline -0.003 -11"><span class='ocrx_word' id='word_1_30' title='bbox 460 643 654 690; x_wconf 73' lang='lat' dir='ltr'><strong>requisitis</strong></span> <span class='ocrx_word' id='word_1_31' title='bbox 670 642 834 678; x_wconf 80' lang='lat' dir='ltr'><strong>sufficiat</strong></span> <span class='ocrx_word' id='word_1_32' title='bbox 850 642 884 678; x_wconf 88' lang='lat' dir='ltr'><strong>ei</strong></span> <span class='ocrx_word' id='word_1_33' title='bbox 901 641 948 678; x_wconf 79' lang='lat' dir='ltr'><strong>ad</strong></span> <span class='ocrx_word' id='word_1_34' title='bbox 970 641 1190 678; x_wconf 80' lang='lat' dir='ltr'><strong>intrandum</strong></span> <span class='ocrx_word' id='word_1_35' title='bbox 1207 641 1247 676; x_wconf 90' lang='lat' dir='ltr'><strong>in</strong></span> <span class='ocrx_word' id='word_1_36' title='bbox 1264 640 1394 677; x_wconf 87' lang='lat' dir='ltr'><strong>eodem</strong></span> <span class='ocrx_word' id='word_1_37' title='bbox 1412 641 1492 677; x_wconf 89' lang='lat' dir='ltr'><strong>iure</strong></span> <span class='ocrx_word' id='word_1_38' title='bbox 1509 641 1563 676; x_wconf 89' lang='lat' dir='ltr'><strong>sic</strong></span> <span class='ocrx_word' id='word_1_39' title='bbox 1579 644 1621 676; x_wconf 89' lang='lat' dir='ltr'><strong>vt</strong></span> <span class='ocrx_word' id='word_1_40' title='bbox 1637 639 1861 687; x_wconf 77' lang='lat' dir='ltr'><strong>respondeat</strong></span> <span class='ocrx_word' id='word_1_41' title='bbox 1880 639 1919 674; x_wconf 88' lang='lat' dir='ltr'><strong>in</strong></span> 
     </span>
     <span class='ocr_line' id='line_1_6' title="bbox 460 702 869 739; baseline 0 -1"><span class='ocrx_word' id='word_1_42' title='bbox 460 702 594 739; x_wconf 83' lang='lat' dir='ltr'><strong>habitu</strong></span> <span class='ocrx_word' id='word_1_43' title='bbox 611 702 869 738; x_wconf 81' lang='lat' dir='ltr'><strong>bacchalaurei</strong></span> 
     </span>
    </p>

    <p class='ocr_par' dir='ltr' id='par_1_4' title="bbox 366 758 1884 809">
     <span class='ocr_line' id='line_1_7' title="bbox 366 758 1884 809; baseline -0.003 -11"><span class='ocrx_word' id='word_1_44' title='bbox 366 764 389 798; x_wconf 88' lang='lat'>9</span> <span class='ocrx_word' id='word_1_45' title='bbox 407 762 499 798; x_wconf 82' lang='lat' dir='ltr'><strong>Maii</strong></span> <span class='ocrx_word' id='word_1_46' title='bbox 516 762 646 799; x_wconf 85' lang='lat' dir='ltr'><strong>eadem</strong></span> <span class='ocrx_word' id='word_1_47' title='bbox 662 762 784 809; x_wconf 76' lang='lat' dir='ltr'><strong>gratia</strong></span> <span class='ocrx_word' id='word_1_48' title='bbox 801 761 1020 798; x_wconf 83' lang='lat' dir='ltr'><strong>conceditur</strong></span> <span class='ocrx_word' id='word_1_49' title='bbox 1035 761 1100 796; x_wconf 87' lang='lat' dir='ltr'><strong>W0</strong></span> <span class='ocrx_word' id='word_1_50' title='bbox 1117 761 1255 796; x_wconf 91' lang='lat' dir='ltr'><strong>Boiton</strong></span> <span class='ocrx_word' id='word_1_51' title='bbox 1305 760 1356 796; x_wconf 94' lang='lat' dir='ltr'><strong>Et</strong></span> <span class='ocrx_word' id='word_1_52' title='bbox 1375 763 1418 796; x_wconf 88' lang='lat'><strong>14</strong></span> <span class='ocrx_word' id='word_1_53' title='bbox 1435 760 1459 796; x_wconf 91' lang='lat' dir='ltr'><strong>J</strong></span> <span class='ocrx_word' id='word_1_54' title='bbox 1462 759 1542 796; x_wconf 91' lang='lat' dir='ltr'><strong>unii</strong></span> <span class='ocrx_word' id='word_1_55' title='bbox 1559 759 1651 795; x_wconf 90' lang='lat' dir='ltr'><strong>Tho.</strong></span> <span class='ocrx_word' id='word_1_56' title='bbox 1671 758 1884 795; x_wconf 82' lang='lat' dir='ltr'><strong>Standeven</strong></span> 
     </span>
    </p>
   </div>
   <div class='ocr_carea' id='block_1_4' title="bbox 854 959 1434 1015">
    <p class='ocr_par' dir='ltr' id='par_1_5' title="bbox 854 959 1434 1015">
     <span class='ocr_line' id='line_1_8' title="bbox 854 959 1434 1015; baseline -0.002 -12"><span class='ocrx_word' id='word_1_57' title='bbox 854 959 972 1003; x_wconf 90' lang='lat' dir='ltr'><strong>Ordo</strong></span> <span class='ocrx_word' id='word_1_58' title='bbox 1002 959 1267 1002; x_wconf 86' lang='lat' dir='ltr'><strong>senioritatis</strong></span> <span class='ocrx_word' id='word_1_59' title='bbox 1297 974 1434 1015; x_wconf 75' lang='lat' dir='ltr'><strong>mary.</strong></span> 
     </span>
    </p>
   </div>
   <div class='ocr_carea' id='block_1_5' title="bbox 794 1075 1494 1182">
    <p class='ocr_par' dir='ltr' id='par_1_6' title="bbox 794 1075 1494 1182">
     <span class='ocr_line' id='line_1_9' title="bbox 794 1075 1494 1123; baseline -0.003 -11"><span class='ocrx_word' id='word_1_60' title='bbox 794 1076 899 1123; x_wconf 87' lang='lat' dir='ltr'><strong>Style</strong></span> <span class='ocrx_word' id='word_1_61' title='bbox 1279 1075 1494 1111; x_wconf 84' lang='lat' dir='ltr'><strong>Standeven</strong></span> 
     </span>
     <span class='ocr_line' id='line_1_10' title="bbox 794 1134 941 1182; baseline 0 -12"><span class='ocrx_word' id='word_1_62' title='bbox 794 1134 941 1182; x_wconf 87' lang='lat' dir='ltr'><strong>Boyton</strong></span> 
     </span>
    </p>
   </div>
   <div class='ocr_carea' id='block_1_6' title="bbox 752 1335 1538 1392">
    <p class='ocr_par' dir='ltr' id='par_1_7' title="bbox 752 1335 1538 1392">
     <span class='ocr_line' id='line_1_11' title="bbox 752 1335 1538 1392; baseline -0.001 -14"><span class='ocrx_word' id='word_1_63' title='bbox 752 1335 1063 1378; x_wconf 82' lang='lat' dir='ltr'><strong>Bacchalaurei</strong></span> <span class='ocrx_word' id='word_1_64' title='bbox 1094 1336 1137 1378; x_wconf 91' lang='lat' dir='ltr'><strong>in</strong></span> <span class='ocrx_word' id='word_1_65' title='bbox 1171 1350 1290 1379; x_wconf 87' lang='lat' dir='ltr'><strong>sacra</strong></span> <span class='ocrx_word' id='word_1_66' title='bbox 1319 1335 1538 1392; x_wconf 86' lang='lat' dir='ltr'><strong>theologia</strong></span> 
     </span>
    </p>
   </div>
   <div class='ocr_carea' id='block_1_7' title="bbox 367 1449 1922 2265">
    <p class='ocr_par' dir='ltr' id='par_1_8' title="bbox 367 1449 1921 1733">
     <span class='ocr_line' id='line_1_12' title="bbox 367 1449 1919 1497; baseline -0.001 -12"><span class='ocrx_word' id='word_1_67' title='bbox 367 1450 594 1487; x_wconf 88' lang='lat' dir='ltr'><strong>Conceditur</strong></span> <span class='ocrx_word' id='word_1_68' title='bbox 616 1453 639 1487; x_wconf 89' lang='grc'>9</span> <span class='ocrx_word' id='word_1_69' title='bbox 662 1450 753 1486; x_wconf 80' lang='lat' dir='ltr'><strong>Maii</strong></span> <span class='ocrx_word' id='word_1_70' title='bbox 777 1450 957 1497; x_wconf 81' lang='lat' dir='ltr'><strong>magistro</strong></span> <span class='ocrx_word' id='word_1_71' title='bbox 983 1450 1168 1486; x_wconf 86' lang='lat' dir='ltr'><strong>Willelmo</strong></span> <span class='ocrx_word' id='word_1_72' title='bbox 1190 1449 1414 1497; x_wconf 87' lang='lat' dir='ltr'><strong>Wilkynson</strong></span> <span class='ocrx_word' id='word_1_73' title='bbox 1438 1452 1480 1485; x_wconf 91' lang='lat' dir='ltr'><strong>vt</strong></span> <span class='ocrx_word' id='word_1_74' title='bbox 1502 1449 1673 1486; x_wconf 89' lang='lat' dir='ltr'><strong>studium</strong></span> <span class='ocrx_word' id='word_1_75' title='bbox 1697 1451 1717 1487; x_wconf 90' lang='lat'><strong>7</strong></span> <span class='ocrx_word' id='word_1_76' title='bbox 1735 1460 1919 1484; x_wconf 83' lang='lat' dir='ltr'><strong>annorum</strong></span> 
     </span>
     <span class='ocr_line' id='line_1_13' title="bbox 462 1508 1920 1557; baseline -0.001 -11"><span class='ocrx_word' id='word_1_77' title='bbox 462 1510 501 1546; x_wconf 89' lang='lat' dir='ltr'><strong>in</strong></span> <span class='ocrx_word' id='word_1_78' title='bbox 535 1509 723 1556; x_wconf 77' lang='lat' dir='ltr'><strong>theologia</strong></span> <span class='ocrx_word' id='word_1_79' title='bbox 755 1512 958 1557; x_wconf 74' lang='lat' dir='ltr'><strong>postquam</strong></span> <span class='ocrx_word' id='word_1_80' title='bbox 991 1510 1129 1546; x_wconf 83' lang='lat' dir='ltr'><strong>rexerit</strong></span> <span class='ocrx_word' id='word_1_81' title='bbox 1161 1509 1200 1545; x_wconf 91' lang='lat' dir='ltr'><strong>in</strong></span> <span class='ocrx_word' id='word_1_82' title='bbox 1233 1509 1381 1545; x_wconf 81' lang='lat' dir='ltr'><strong>artibus</strong></span> <span class='ocrx_word' id='word_1_83' title='bbox 1413 1521 1498 1545; x_wconf 87' lang='lat' dir='ltr'><strong>cum</strong></span> <span class='ocrx_word' id='word_1_84' title='bbox 1532 1508 1833 1556; x_wconf 86' lang='lat' dir='ltr'><strong>opposicionibus</strong></span> <span class='ocrx_word' id='word_1_85' title='bbox 1866 1520 1920 1544; x_wconf 86' lang='lat' dir='ltr'><strong>re-</strong></span> 
     </span>
     <span class='ocr_line' id='line_1_14' title="bbox 462 1567 1921 1616; baseline 0 -13"><span class='ocrx_word' id='word_1_86' title='bbox 462 1567 729 1615; x_wconf 82' lang='lat' dir='ltr'><strong>sponsionibus</strong></span> <span class='ocrx_word' id='word_1_87' title='bbox 774 1568 1012 1605; x_wconf 81' lang='lat' dir='ltr'><strong>sermonibus</strong></span> <span class='ocrx_word' id='word_1_88' title='bbox 1057 1572 1095 1605; x_wconf 89' lang='lat' dir='ltr'><strong>et</strong></span> <span class='ocrx_word' id='word_1_89' title='bbox 1139 1569 1225 1605; x_wconf 82' lang='lat' dir='ltr'><strong>aliis</strong></span> <span class='ocrx_word' id='word_1_90' title='bbox 1270 1568 1458 1604; x_wconf 84' lang='lat' dir='ltr'><strong>exercitiis</strong></span> <span class='ocrx_word' id='word_1_91' title='bbox 1503 1580 1570 1616; x_wconf 89' lang='lat' dir='ltr'><strong>per</strong></span> <span class='ocrx_word' id='word_1_92' title='bbox 1612 1570 1759 1604; x_wconf 80' lang='lat' dir='ltr'><strong>statuta</strong></span> <span class='ocrx_word' id='word_1_93' title='bbox 1806 1567 1921 1614; x_wconf 81' lang='lat' dir='ltr'><strong>Regia</strong></span> 
     </span>
     <span class='ocr_line' id='line_1_15' title="bbox 462 1626 1920 1676; baseline -0.001 -13"><span class='ocrx_word' id='word_1_94' title='bbox 462 1627 656 1674; x_wconf 80' lang='lat' dir='ltr'><strong>requisitis</strong></span> <span class='ocrx_word' id='word_1_95' title='bbox 684 1627 847 1664; x_wconf 82' lang='lat' dir='ltr'><strong>sufficiat</strong></span> <span class='ocrx_word' id='word_1_96' title='bbox 874 1627 908 1664; x_wconf 85' lang='lat' dir='ltr'><strong>ei</strong></span> <span class='ocrx_word' id='word_1_97' title='bbox 936 1631 1015 1664; x_wconf 83' lang='lat' dir='ltr'><strong>tam</strong></span> <span class='ocrx_word' id='word_1_98' title='bbox 1046 1628 1093 1664; x_wconf 82' lang='lat' dir='ltr'><strong>ad</strong></span> <span class='ocrx_word' id='word_1_99' title='bbox 1123 1627 1389 1676; x_wconf 88' lang='lat' dir='ltr'><strong>opponendum</strong></span> <span class='ocrx_word' id='word_1_100' title='bbox 1415 1639 1530 1675; x_wconf 81' lang='lat' dir='ltr'><strong>quam</strong></span> <span class='ocrx_word' id='word_1_101' title='bbox 1555 1627 1603 1664; x_wconf 80' lang='lat' dir='ltr'><strong>ad</strong></span> <span class='ocrx_word' id='word_1_102' title='bbox 1632 1626 1852 1663; x_wconf 80' lang='lat' dir='ltr'><strong>intrandum</strong></span> <span class='ocrx_word' id='word_1_103' title='bbox 1880 1626 1920 1662; x_wconf 93' lang='lat' dir='ltr'><strong>in</strong></span> 
     </span>
     <span class='ocr_line' id='line_1_16' title="bbox 462 1686 779 1733; baseline 0.003 -12"><span class='ocrx_word' id='word_1_104' title='bbox 462 1698 568 1722; x_wconf 74' lang='lat' dir='ltr'><strong>sacra</strong></span> <span class='ocrx_word' id='word_1_105' title='bbox 592 1686 779 1733; x_wconf 78' lang='lat' dir='ltr'><strong>theologia</strong></span> 
     </span>
    </p>

    <p class='ocr_par' dir='ltr' id='par_1_9' title="bbox 369 1743 1922 2265">
     <span class='ocr_line' id='line_1_17' title="bbox 369 1743 1922 1792; baseline -0.001 -12"><span class='ocrx_word' id='word_1_106' title='bbox 369 1744 510 1780; x_wconf 77' lang='lat' dir='ltr'><strong>Eadem</strong></span> <span class='ocrx_word' id='word_1_107' title='bbox 543 1745 665 1792; x_wconf 81' lang='lat' dir='ltr'><strong>gratia</strong></span> <span class='ocrx_word' id='word_1_108' title='bbox 693 1744 911 1781; x_wconf 86' lang='lat' dir='ltr'><strong>conceditur</strong></span> <span class='ocrx_word' id='word_1_109' title='bbox 942 1747 986 1782; x_wconf 90' lang='grc'><strong>19</strong></span> <span class='ocrx_word' id='word_1_110' title='bbox 1017 1745 1107 1782; x_wconf 79' lang='lat' dir='ltr'><strong>Maii</strong></span> <span class='ocrx_word' id='word_1_111' title='bbox 1142 1745 1323 1792; x_wconf 82' lang='lat' dir='ltr'><strong>magistro</strong></span> <span class='ocrx_word' id='word_1_112' title='bbox 1357 1745 1499 1792; x_wconf 87' lang='lat' dir='ltr'><strong>Rogero</strong></span> <span class='ocrx_word' id='word_1_113' title='bbox 1528 1745 1714 1782; x_wconf 83' lang='lat' dir='ltr'><strong>Williams</strong></span> <span class='ocrx_word' id='word_1_114' title='bbox 1741 1743 1922 1790; x_wconf 84' lang='lat' dir='ltr'><strong>magistro</strong></span> 
     </span>
     <span class='ocr_line' id='line_1_18' title="bbox 463 1801 1922 1851; baseline -0.001 -12"><span class='ocrx_word' id='word_1_115' title='bbox 463 1803 650 1839; x_wconf 88' lang='lat' dir='ltr'><strong>Willclmo</strong></span> <span class='ocrx_word' id='word_1_116' title='bbox 691 1803 886 1850; x_wconf 80' lang='lat' dir='ltr'><strong>Mydlcton</strong></span> <span class='ocrx_word' id='word_1_117' title='bbox 924 1803 1104 1850; x_wconf 76' lang='lat' dir='ltr'><strong>magistro</strong></span> <span class='ocrx_word' id='word_1_118' title='bbox 1146 1803 1307 1840; x_wconf 79' lang='lat' dir='ltr'><strong>Ricardo</strong></span> <span class='ocrx_word' id='word_1_119' title='bbox 1344 1804 1525 1840; x_wconf 79' lang='lat' dir='ltr'><strong>Turswcll</strong></span> <span class='ocrx_word' id='word_1_120' title='bbox 1560 1803 1738 1851; x_wconf 82' lang='lat' dir='ltr'><strong>magistro</strong></span> <span class='ocrx_word' id='word_1_121' title='bbox 1771 1801 1922 1838; x_wconf 87' lang='lat' dir='ltr'><strong>Andree</strong></span> 
     </span>
     <span class='ocr_line' id='line_1_19' title="bbox 464 1858 1922 1912; baseline 0 -14"><span class='ocrx_word' id='word_1_122' title='bbox 464 1862 607 1899; x_wconf 82' lang='lat' dir='ltr'><strong>Arnold</strong></span> <span class='ocrx_word' id='word_1_123' title='bbox 649 1863 829 1910; x_wconf 78' lang='lat' dir='ltr'><strong>magistro</strong></span> <span class='ocrx_word' id='word_1_124' title='bbox 872 1863 1034 1899; x_wconf 84' lang='lat' dir='ltr'><strong>Roberto</strong></span> <span class='ocrx_word' id='word_1_125' title='bbox 1077 1864 1302 1912; x_wconf 83' lang='lat' dir='ltr'><strong>Haryngton</strong></span> <span class='ocrx_word' id='word_1_126' title='bbox 1368 1865 1418 1900; x_wconf 89' lang='lat' dir='ltr'><strong>Et</strong></span> <span class='ocrx_word' id='word_1_127' title='bbox 1450 1864 1572 1911; x_wconf 81' lang='lat' dir='ltr'><strong>primo</strong></span> <span class='ocrx_word' id='word_1_128' title='bbox 1592 1858 1709 1900; x_wconf 85' lang='lat' dir='ltr'><strong>&#39;Junii</strong></span> <span class='ocrx_word' id='word_1_129' title='bbox 1742 1863 1922 1910; x_wconf 82' lang='lat' dir='ltr'><strong>magistro</strong></span> 
     </span>
     <span class='ocr_line' id='line_1_20' title="bbox 463 1920 1921 1969; baseline 0.001 -13"><span class='ocrx_word' id='word_1_130' title='bbox 463 1920 639 1957; x_wconf 78' lang='lat' dir='ltr'><strong>Christos.</strong></span> <span class='ocrx_word' id='word_1_131' title='bbox 669 1921 864 1968; x_wconf 79' lang='lat' dir='ltr'><strong>Hampton</strong></span> <span class='ocrx_word' id='word_1_132' title='bbox 916 1922 966 1958; x_wconf 88' lang='lat' dir='ltr'><strong>Et</strong></span> <span class='ocrx_word' id='word_1_133' title='bbox 993 1926 1031 1958; x_wconf 89' lang='grc'><strong>80</strong></span> <span class='ocrx_word' id='word_1_134' title='bbox 1055 1923 1077 1958; x_wconf 89' lang='lat' dir='ltr'>J</span> <span class='ocrx_word' id='word_1_135' title='bbox 1084 1922 1162 1958; x_wconf 89' lang='lat' dir='ltr'><strong>unii</strong></span> <span class='ocrx_word' id='word_1_136' title='bbox 1191 1923 1370 1969; x_wconf 79' lang='lat' dir='ltr'><strong>magistro</strong></span> <span class='ocrx_word' id='word_1_137' title='bbox 1394 1922 1535 1959; x_wconf 86' lang='lat' dir='ltr'><strong>Jacobo</strong></span> <span class='ocrx_word' id='word_1_138' title='bbox 1561 1922 1715 1959; x_wconf 87' lang='lat' dir='ltr'><strong>Scrubic</strong></span> <span class='ocrx_word' id='word_1_139' title='bbox 1741 1921 1921 1968; x_wconf 74' lang='lat' dir='ltr'><strong>magistro</strong></span> 
     </span>
     <span class='ocr_line' id='line_1_21' title="bbox 462 1979 1917 2029; baseline 0 -14"><span class='ocrx_word' id='word_1_140' title='bbox 462 1979 627 2015; x_wconf 76' lang='lat' dir='ltr'><strong>Johanui</strong></span> <span class='ocrx_word' id='word_1_141' title='bbox 646 1979 797 2016; x_wconf 82' lang='lat' dir='ltr'><strong>Walton</strong></span> <span class='ocrx_word' id='word_1_142' title='bbox 820 1980 998 2027; x_wconf 72' lang='lat' dir='ltr'><strong>magistro</strong></span> <span class='ocrx_word' id='word_1_143' title='bbox 1016 1980 1113 2017; x_wconf 83' lang='lat' dir='ltr'><strong>And.</strong></span> <span class='ocrx_word' id='word_1_144' title='bbox 1134 1981 1348 2018; x_wconf 77' lang='lat' dir='ltr'><strong>Bourdman</strong></span> <span class='ocrx_word' id='word_1_145' title='bbox 1370 1982 1549 2029; x_wconf 85' lang='lat' dir='ltr'><strong>magistro</strong></span> <span class='ocrx_word' id='word_1_146' title='bbox 1565 1981 1733 2017; x_wconf 87' lang='lat' dir='ltr'><strong>Antonio</strong></span> <span class='ocrx_word' id='word_1_147' title='bbox 1757 1980 1917 2028; x_wconf 83' lang='lat' dir='ltr'><strong>Hyggyn</strong></span> 
     </span>
     <span class='ocr_line' id='line_1_22' title="bbox 464 2038 1918 2089; baseline 0 -14"><span class='ocrx_word' id='word_1_148' title='bbox 464 2039 643 2086; x_wconf 76' lang='lat' dir='ltr'><strong>magistro</strong></span> <span class='ocrx_word' id='word_1_149' title='bbox 668 2040 781 2075; x_wconf 85' lang='lat' dir='ltr'><strong>Anto.</strong></span> <span class='ocrx_word' id='word_1_150' title='bbox 809 2038 966 2076; x_wconf 80' lang='lat' dir='ltr'><strong>Watson</strong></span> <span class='ocrx_word' id='word_1_151' title='bbox 1027 2040 1078 2076; x_wconf 89' lang='lat' dir='ltr'><strong>Et</strong></span> <span class='ocrx_word' id='word_1_152' title='bbox 1102 2043 1141 2077; x_wconf 85' lang='lat'><strong>9⁰</strong></span> <span class='ocrx_word' id='word_1_153' title='bbox 1164 2041 1271 2077; x_wconf 80' lang='lat' dir='ltr'><strong>Junii</strong></span> <span class='ocrx_word' id='word_1_154' title='bbox 1298 2042 1477 2089; x_wconf 81' lang='lat' dir='ltr'><strong>magistro</strong></span> <span class='ocrx_word' id='word_1_155' title='bbox 1503 2041 1565 2077; x_wconf 87' lang='lat' dir='ltr'><strong>W⁰</strong></span> <span class='ocrx_word' id='word_1_156' title='bbox 1591 2041 1686 2077; x_wconf 82' lang='lat' dir='ltr'><strong>Hals</strong></span> <span class='ocrx_word' id='word_1_157' title='bbox 1745 2043 1788 2076; x_wconf 85' lang='lat'><strong>14</strong></span> <span class='ocrx_word' id='word_1_158' title='bbox 1813 2039 1918 2076; x_wconf 86' lang='lat' dir='ltr'><strong>Junii</strong></span> 
     </span>
     <span class='ocr_line' id='line_1_23' title="bbox 464 2098 1921 2148; baseline 0.002 -15"><span class='ocrx_word' id='word_1_159' title='bbox 464 2098 643 2145; x_wconf 77' lang='lat' dir='ltr'><strong>magistro</strong></span> <span class='ocrx_word' id='word_1_160' title='bbox 656 2098 815 2135; x_wconf 80' lang='lat' dir='ltr'><strong>Ricardo</strong></span> <span class='ocrx_word' id='word_1_161' title='bbox 827 2098 970 2135; x_wconf 79' lang='lat' dir='ltr'><strong>Gerard</strong></span> <span class='ocrx_word' id='word_1_162' title='bbox 984 2100 1164 2147; x_wconf 83' lang='lat' dir='ltr'><strong>magistro</strong></span> <span class='ocrx_word' id='word_1_163' title='bbox 1176 2100 1198 2135; x_wconf 82' lang='lat' dir='ltr'><strong>J</strong></span> <span class='ocrx_word' id='word_1_164' title='bbox 1202 2112 1234 2138; x_wconf 92' lang='lat'><strong>0.</strong></span> <span class='ocrx_word' id='word_1_165' title='bbox 1248 2100 1451 2148; x_wconf 84' lang='lat' dir='ltr'><strong>Robynsou</strong></span> <span class='ocrx_word' id='word_1_166' title='bbox 1466 2102 1645 2148; x_wconf 76' lang='lat' dir='ltr'><strong>magistro</strong></span> <span class='ocrx_word' id='word_1_167' title='bbox 1656 2100 1767 2136; x_wconf 82' lang='lat' dir='ltr'><strong>Amb.</strong></span> <span class='ocrx_word' id='word_1_168' title='bbox 1780 2099 1921 2136; x_wconf 75' lang='lat' dir='ltr'><strong>Barker</strong></span> 
     </span>
     <span class='ocr_line' id='line_1_24' title="bbox 464 2157 1920 2207; baseline 0.001 -14"><span class='ocrx_word' id='word_1_169' title='bbox 464 2157 643 2204; x_wconf 77' lang='lat' dir='ltr'><strong>magistro</strong></span> <span class='ocrx_word' id='word_1_170' title='bbox 664 2157 761 2194; x_wconf 78' lang='lat' dir='ltr'>And.</span> <span class='ocrx_word' id='word_1_171' title='bbox 783 2158 941 2195; x_wconf 84' lang='lat' dir='ltr'><strong>Dowucs</strong></span> <span class='ocrx_word' id='word_1_172' title='bbox 963 2159 1142 2206; x_wconf 80' lang='lat' dir='ltr'><strong>magistro</strong></span> <span class='ocrx_word' id='word_1_173' title='bbox 1160 2159 1347 2196; x_wconf 80' lang='lat' dir='ltr'><strong>willelmo</strong></span> <span class='ocrx_word' id='word_1_174' title='bbox 1371 2160 1485 2197; x_wconf 80' lang='lat' dir='ltr'><strong>Stone</strong></span> <span class='ocrx_word' id='word_1_175' title='bbox 1535 2163 1596 2196; x_wconf 83' lang='lat'><strong>23⁰</strong></span> <span class='ocrx_word' id='word_1_176' title='bbox 1612 2160 1635 2196; x_wconf 87' lang='lat' dir='ltr'><strong>J</strong></span> <span class='ocrx_word' id='word_1_177' title='bbox 1640 2160 1717 2196; x_wconf 89' lang='lat' dir='ltr'><strong>unii</strong></span> <span class='ocrx_word' id='word_1_178' title='bbox 1742 2159 1920 2207; x_wconf 82' lang='lat' dir='ltr'><strong>magistro</strong></span> 
     </span>
     <span class='ocr_line' id='line_1_25' title="bbox 464 2215 1671 2265; baseline 0.004 -15"><span class='ocrx_word' id='word_1_179' title='bbox 464 2215 651 2253; x_wconf 81' lang='lat' dir='ltr'><strong>Willelmo</strong></span> <span class='ocrx_word' id='word_1_180' title='bbox 670 2216 815 2253; x_wconf 80' lang='lat' dir='ltr'><strong>Hinton</strong></span> <span class='ocrx_word' id='word_1_181' title='bbox 834 2221 873 2254; x_wconf 86' lang='lat' dir='ltr'><strong>ct</strong></span> <span class='ocrx_word' id='word_1_182' title='bbox 891 2220 936 2253; x_wconf 77' lang='lat'><strong>28</strong></span> <span class='ocrx_word' id='word_1_183' title='bbox 952 2218 975 2254; x_wconf 89' lang='lat' dir='ltr'><strong>J</strong></span> <span class='ocrx_word' id='word_1_184' title='bbox 980 2218 1058 2254; x_wconf 87' lang='lat' dir='ltr'><strong>unii</strong></span> <span class='ocrx_word' id='word_1_185' title='bbox 1077 2218 1257 2265; x_wconf 76' lang='lat' dir='ltr'><strong>magistro</strong></span> <span class='ocrx_word' id='word_1_186' title='bbox 1274 2218 1492 2255; x_wconf 73' lang='lat' dir='ltr'><strong>Abrahauio</strong></span> <span class='ocrx_word' id='word_1_187' title='bbox 1509 2220 1671 2256; x_wconf 81' lang='lat' dir='ltr'><strong>Oonams</strong></span> 
     </span>
    </p>
   </div>
   <div class='ocr_carea' id='block_1_8' title="bbox 855 2428 1434 2487">
    <p class='ocr_par' dir='ltr' id='par_1_10' title="bbox 855 2428 1434 2487">
     <span class='ocr_line' id='line_1_26' title="bbox 855 2428 1434 2487; baseline 0.003 -16"><span class='ocrx_word' id='word_1_188' title='bbox 855 2428 975 2472; x_wconf 85' lang='lat' dir='ltr'><strong>Ordo</strong></span> <span class='ocrx_word' id='word_1_189' title='bbox 1004 2429 1270 2473; x_wconf 67' lang='lat' dir='ltr'><strong>sonim-itatis</strong></span> <span class='ocrx_word' id='word_1_190' title='bbox 1298 2446 1434 2487; x_wconf 49' lang='lat' dir='ltr'><strong>mar-q.</strong></span> 
     </span>
    </p>
   </div>
   <div class='ocr_carea' id='block_1_9' title="bbox 605 2536 1672 2868">
    <p class='ocr_par' dir='ltr' id='par_1_11' title="bbox 607 2536 1635 2750">
     <span class='ocr_line' id='line_1_27' title="bbox 609 2536 1630 2585; baseline 0 -13"><span class='ocrx_word' id='word_1_191' title='bbox 609 2536 837 2583; x_wconf 58' lang='lat' dir='ltr'><strong>hastingum</strong></span> <span class='ocrx_word' id='word_1_192' title='bbox 1029 2537 1219 2585; x_wconf 71' lang='lat' dir='ltr'><strong>limnpton</strong></span> <span class='ocrx_word' id='word_1_193' title='bbox 1454 2537 1630 2585; x_wconf 79' lang='lat' dir='ltr'><strong>llyggens</strong></span> 
     </span>
     <span class='ocr_line' id='line_1_28' title="bbox 611 2596 1635 2632; baseline 0.001 -1"><span class='ocrx_word' id='word_1_194' title='bbox 611 2596 768 2632; x_wconf 79' lang='lat' dir='ltr'><strong>Downos</strong></span> <span class='ocrx_word' id='word_1_195' title='bbox 1023 2597 1140 2632; x_wconf 78' lang='lat' dir='ltr'><strong>Stono</strong></span> <span class='ocrx_word' id='word_1_196' title='bbox 1451 2596 1635 2632; x_wconf 72' lang='lat' dir='ltr'><strong>Willinms</strong></span> 
     </span>
     <span class='ocr_line' id='line_1_29' title="bbox 608 2654 1592 2703; baseline 0.001 -13"><span class='ocrx_word' id='word_1_197' title='bbox 608 2654 801 2703; x_wconf 78' lang='lat' dir='ltr'><strong>Mydloton</strong></span> <span class='ocrx_word' id='word_1_198' title='bbox 1024 2654 1204 2691; x_wconf 69' lang='lat' dir='ltr'><strong>&#39;rurswon</strong></span> <span class='ocrx_word' id='word_1_199' title='bbox 1453 2655 1592 2691; x_wconf 69' lang='lat' dir='ltr'><strong>Bai-kur</strong></span> 
     </span>
     <span class='ocr_line' id='line_1_30' title="bbox 607 2712 1546 2750; baseline 0 -1"><span class='ocrx_word' id='word_1_200' title='bbox 607 2713 762 2750; x_wconf 65' lang='lat' dir='ltr'><strong>Wawon</strong></span> <span class='ocrx_word' id='word_1_201' title='bbox 1024 2712 1179 2750; x_wconf 70' lang='lat' dir='ltr'><strong>Sex-ubic</strong></span> <span class='ocrx_word' id='word_1_202' title='bbox 1453 2713 1546 2750; x_wconf 74' lang='lat' dir='ltr'><strong>Hals</strong></span> 
     </span>
    </p>

    <p class='ocr_par' dir='ltr' id='par_1_12' title="bbox 605 2770 1672 2868">
     <span class='ocr_line' id='line_1_31' title="bbox 608 2770 1672 2819; baseline 0 -12"><span class='ocrx_word' id='word_1_203' title='bbox 608 2770 643 2807; x_wconf 87' lang='lat'><strong>11</strong></span> <span class='ocrx_word' id='word_1_204' title='bbox 645 2774 766 2819; x_wconf 79' lang='lat' dir='ltr'><strong>ynton</strong></span> <span class='ocrx_word' id='word_1_205' title='bbox 1026 2770 1166 2808; x_wconf 71' lang='lat' dir='ltr'><strong>Gorard</strong></span> <span class='ocrx_word' id='word_1_206' title='bbox 1452 2770 1672 2819; x_wconf 81' lang='lat' dir='ltr'><strong>Wilkynson</strong></span> 
     </span>
     <span class='ocr_line' id='line_1_32' title="bbox 605 2829 1641 2868; baseline 0 -1"><span class='ocrx_word' id='word_1_207' title='bbox 605 2830 769 2868; x_wconf 74' lang='lat' dir='ltr'><strong>Conums</strong></span> <span class='ocrx_word' id='word_1_208' title='bbox 1025 2830 1168 2867; x_wconf 77' lang='lat' dir='ltr'><strong>Aruold</strong></span> <span class='ocrx_word' id='word_1_209' title='bbox 1452 2829 1641 2867; x_wconf 81' lang='lat' dir='ltr'><strong>Robinson</strong></span> 
     </span>
    </p>
   </div>
   <div class='ocr_carea' id='block_1_10' title="bbox 607 2887 1590 2926">
    <p class='ocr_par' dir='ltr' id='par_1_13' title="bbox 607 2887 1590 2926">
     <span class='ocr_line' id='line_1_33' title="bbox 607 2887 1590 2926; baseline -0.001 0"><span class='ocrx_word' id='word_1_210' title='bbox 607 2887 820 2926; x_wconf 67' lang='lat' dir='ltr'><strong>Boiu-duum</strong></span> <span class='ocrx_word' id='word_1_211' title='bbox 1024 2888 1174 2926; x_wconf 73' lang='lat' dir='ltr'><strong>walton</strong></span> <span class='ocrx_word' id='word_1_212' title='bbox 1543 2891 1590 2926; x_wconf 81' lang='lat'><strong>20</strong></span> 
     </span>
    </p>
   </div>
  </div>
 </body>
</html>
