2002 3236
196 157 418 214 1543-44]
775 166 928 198 saaca
957 166 1082 197 Boon
1113 165 1144 197 Δ
1689 155 1745 196 13

288 272 479 308 nationem
497 271 536 307 in
553 270 692 318 quibus
707 270 886 306 lectiones
908 269 1117 306 ordinarias
1138 269 1288 305 audiuit
1311 280 1378 316 per
1398 268 1575 304 maiorem
1598 270 1746 315 partem

288 330 328 366 in
360 331 442 365 toto
473 341 560 365 cum
592 329 701 364 vnica
733 329 973 376 responsione
1005 332 1045 364 et
1076 328 1224 364 duabus
1258 326 1564 374 responsionibus
1598 325 1746 373 publice

289 387 431 424 habitis
447 387 635 423 sufficiant
651 387 686 422 ei
703 387 751 422 ad
769 386 1024 434 incipiendum
1042 387 1080 422 in
1098 386 1245 422 artibus

196 447 295 483 Item
312 445 530 481 conceditur
547 444 689 491 Rogero
706 444 959 491 Hutchynson
983 447 1025 480 vt
1047 456 1181 480 novem
1205 444 1358 480 termini
1382 446 1469 490 post
1489 442 1640 479 finalem
1665 443 1746 478 eius

289 503 641 541 determinationem
674 503 714 539 in
746 502 884 550 quibus
917 503 1096 539 lectiones
1128 502 1336 538 ordinarias
1368 502 1514 538 audiuit
1549 502 1638 538 licet
1670 514 1745 537 non

287 562 440 598 omnino
471 560 678 597 secundum
707 561 867 596 formam
895 561 1032 596 statuti
1058 573 1144 596 cum
1169 560 1292 596 tribus
1314 560 1621 607 responsionibus
1645 559 1745 595 suffi-

287 621 391 657 ciant
414 620 487 656 sibi
511 620 559 656 ad
587 620 841 668 incipiendum
866 621 905 656 in
929 620 1077 656 artibus

194 680 336 717 Eadem
375 679 497 726 gratia
533 678 580 715 de
616 679 730 714 verbo
764 680 803 715 in
838 679 994 716 verbum
1026 679 1244 715 conceditur
1275 679 1429 715 domino
1463 679 1675 726 Stevynson
1708 681 1748 714 et

287 739 440 775 domino
465 737 621 774 Welfett

195 799 294 836 Item
310 797 527 834 conceditur
551 797 701 834 Otnello
727 797 961 845 Hollynshed
987 800 1029 833 vt
1051 809 1185 833 novem
1209 797 1362 833 termini
1389 801 1475 844 post
1494 796 1642 832 finalem
1666 796 1748 832 eius

287 856 639 893 determinationem
662 856 701 892 in
725 856 864 903 quibus
885 856 1064 892 lectiones
1086 855 1294 892 ordinarias
1316 855 1464 892 audiuit
1483 867 1550 902 per
1568 855 1747 891 maiorem

290 917 435 962 partem
468 914 509 951 in
541 917 623 950 toto
658 926 744 951 cum
777 914 924 951 duabus
957 914 1263 962 responsionibus
1291 916 1330 950 et
1363 925 1437 949 vna
1469 913 1676 949 variatione
1708 914 1747 949 in

288 974 439 1022 propria
455 986 615 1022 persona
636 974 708 1011 sub
725 987 823 1022 pena
845 975 895 1011 xl·
912 975 951 1011 in
973 974 1149 1011 manibus
1167 977 1451 1021 procuratorum
1469 973 1642 1021 ponenda
1658 976 1749 1010 ante

289 1034 370 1070 eius
386 1033 652 1070 admissionem
670 1034 861 1070 sufficiant
877 1034 911 1070 ei
928 1034 975 1070 ad
994 1034 1250 1081 incipiendum
1267 1034 1306 1070 in
1324 1033 1471 1069 artibus

196 1093 295 1129 Item
320 1092 539 1129 conceditur
563 1093 716 1130 domino
739 1093 902 1141 Fyssher
926 1097 968 1130 vt
992 1094 1160 1130 studium
1185 1093 1302 1129 trium
1325 1104 1509 1128 annorum
1535 1092 1573 1127 in
1602 1091 1749 1127 artibus

290 1155 376 1199 post
408 1151 559 1188 finalem
590 1152 672 1188 eius
703 1152 1056 1188 determinationem
1091 1153 1129 1188 in
1159 1152 1298 1199 quibus
1330 1152 1509 1187 lectiones
1541 1150 1749 1186 ordinarias

290 1210 439 1247 audiuit
467 1210 555 1246 licet
583 1221 659 1245 non
693 1210 846 1246 omnino
879 1210 1085 1247 secundum
1120 1211 1278 1246 formam
1307 1210 1443 1245 statuti
1483 1221 1568 1244 cum
1601 1208 1750 1244 duabus

290 1268 596 1316 responsionibus
619 1268 695 1304 iam
720 1268 863 1305 habitis
886 1273 926 1305 et
950 1281 1037 1305 cum
1066 1281 1142 1305 vna
1165 1268 1373 1304 variatione
1398 1268 1567 1315 proximo
1592 1279 1692 1303 anno
1716 1268 1748 1303 si

291 1327 404 1364 tertia
419 1327 563 1374 acquiri
580 1339 655 1363 non
672 1328 792 1375 possit
808 1328 971 1364 sufficiat
986 1328 1020 1364 ei
1037 1327 1085 1364 ad
1103 1327 1359 1375 incipiendum
1378 1327 1416 1362 in
1434 1326 1582 1362 artibus

198 1389 297 1425 Item
313 1387 530 1424 conceditur
544 1387 697 1424 domino
715 1388 871 1435 Kynsey
888 1391 931 1423 vt
947 1399 1012 1423 sex
1028 1387 1182 1424 termini
1199 1389 1286 1434 post
1306 1386 1456 1422 finalem
1476 1386 1558 1421 eius
1573 1385 1749 1421 determi-

291 1447 483 1483 nationem
507 1446 649 1483 Oxonie
664 1458 751 1483 cum
768 1446 892 1483 tribus
915 1447 1087 1483 terminis
1107 1447 1146 1483 in
1169 1447 1240 1482 hac
1267 1446 1514 1482 vniuersitate
1540 1448 1578 1480 et
1601 1444 1751 1481 duabus

292 1504 596 1552 responsionibus
606 1508 645 1541 et
658 1516 733 1540 vna
743 1505 950 1541 variatione
961 1506 1130 1552 proximo
1142 1516 1243 1541 anno
1256 1504 1326 1540 sub
1337 1515 1434 1551 pena
1445 1510 1505 1539 xx·
1522 1504 1561 1539 in
1575 1502 1750 1539 manibus

290 1568 573 1612 procuratorum
611 1563 785 1611 ponenda
817 1568 906 1600 aute
938 1564 1019 1600 eius
1051 1563 1318 1600 admissionem
1351 1564 1514 1599 sufficiat
1546 1563 1579 1598 ei
1613 1562 1661 1598 ad
1694 1562 1749 1598 in-

292 1623 508 1671 cipiendum
531 1624 571 1660 in
596 1623 743 1660 artibus

199 1684 298 1720 Item
308 1683 526 1720 conceditur
539 1683 691 1720 domino
704 1684 842 1721 Cecillo
854 1687 897 1720 vt
907 1696 1042 1720 novem
1054 1684 1207 1720 termini
1221 1686 1308 1730 post
1320 1683 1470 1719 finalem
1481 1682 1563 1718 eius
1574 1681 1750 1718 determi-

294 1743 486 1779 nationem
513 1743 552 1778 in
579 1742 718 1790 quibus
744 1743 924 1779 lectiones
955 1743 1165 1779 ordinarias
1193 1742 1343 1778 audiuit
1371 1742 1461 1778 licet
1493 1753 1567 1777 non
1597 1741 1751 1776 omnino

292 1801 499 1838 secundum
516 1802 677 1838 formam
694 1803 831 1838 statuti
849 1814 935 1838 cum
952 1801 1077 1838 tribus
1101 1800 1408 1848 responsionibus
1431 1801 1621 1836 sufficiant
1645 1800 1679 1835 ei
1703 1800 1751 1835 ad

292 1859 546 1908 incipiendum
569 1860 608 1896 in
630 1860 778 1897 artibus
802 1864 841 1897 et
863 1861 1041 1907 quoniam
1066 1872 1133 1907 per
1154 1860 1409 1896 valetudinem
1430 1859 1659 1895 visitationis
1679 1859 1752 1895 iter

293 1930 488 1967 peragrare
512 1931 587 1955 non
612 1919 732 1966 possit
752 1931 820 1966 pro
844 1919 1063 1955 visitatione
1086 1919 1270 1955 habeatur
1291 1923 1330 1955 et
1355 1918 1462 1955 vobis
1485 1918 1694 1954 satisfaciat
1718 1918 1750 1954 si

291 1978 501 2024 regentium
534 1978 701 2025 singulos
735 1978 951 2025 alloquatur
983 1980 1023 2015 et
1055 1978 1186 2014 visitet
1218 1979 1257 2014 in
1285 1978 1423 2014 scholis
1455 1982 1546 2014 ante
1578 1978 1660 2014 eius
1685 1977 1749 2013 ad-

293 2037 509 2073 missionem

200 2094 298 2130 Item
315 2093 531 2130 conceditur
546 2093 699 2130 domino
718 2095 868 2142 Parkyn
886 2099 928 2131 vt
945 2107 1009 2132 sex
1026 2096 1178 2132 termini
1196 2099 1284 2143 post
1300 2096 1381 2131 eius
1402 2095 1552 2131 finalem
1574 2094 1749 2130 determi—

292 2152 484 2189 nationem
501 2153 540 2188 in
563 2152 702 2199 quibus
718 2153 897 2189 lectiones
914 2153 1122 2190 ordinarias
1145 2154 1294 2190 audiuit
1317 2165 1384 2200 per
1400 2153 1577 2189 maiorem
1603 2155 1750 2199 partem

292 2211 332 2247 in
356 2214 437 2247 toto
458 2222 545 2247 cum
570 2210 693 2248 tribus
717 2212 1025 2258 responsionibus
1046 2213 1236 2248 sufficiant
1259 2211 1330 2247 sibi
1351 2211 1399 2247 ad
1426 2210 1681 2258 incipiendum
1711 2211 1749 2246 in

290 2270 437 2306 artibus

198 2328 340 2365 Eadem
366 2328 489 2375 gratia
517 2328 563 2364 de
587 2328 702 2364 verbo
730 2329 770 2365 in
796 2328 952 2365 verbum
982 2329 1200 2365 conceditur
1226 2329 1390 2365 Heurico
1418 2328 1572 2376 Bovyllo
1596 2327 1749 2364 domino

293 2387 518 2435 Robynsono
542 2387 695 2424 domino
722 2388 976 2435 Dyckynsono
1005 2393 1044 2424 et
1068 2388 1221 2425 domino
1246 2389 1429 2424 Peresono

200 2447 299 2482 Item
326 2446 544 2482 conceditur
574 2447 776 2482 Laurentio
806 2447 1002 2483 Sawnders
1035 2450 1078 2483 vt
1104 2459 1167 2483 sex
1197 2447 1349 2482 termini
1379 2450 1465 2493 post
1489 2447 1570 2482 eius
1599 2446 1748 2482 finalem

292 2504 643 2542 determinationem
676 2506 714 2542 in
749 2506 887 2552 quibus
921 2506 1100 2542 lectiones
1132 2505 1340 2542 ordinarias
1372 2506 1521 2542 audiuit
1553 2505 1640 2541 licet
1674 2518 1748 2541 non

293 2564 446 2600 omnino
469 2564 676 2601 secundum
700 2565 861 2601 formam
887 2566 1024 2601 statuti
1054 2577 1140 2601 cum
1167 2565 1291 2601 tribus
1316 2564 1621 2612 responsionibus
1648 2565 1748 2600 suffi-

293 2622 395 2657 ciant
419 2621 492 2658 sibi
517 2621 566 2658 ad
591 2622 832 2669 incipendum
858 2623 897 2658 in
926 2622 1074 2659 artibus

198 2681 340 2718 Eadem
362 2680 483 2727 gratia
504 2680 551 2717 de
573 2681 686 2717 verbo
704 2681 743 2717 in
766 2681 923 2718 verbum
943 2681 1161 2718 conceditur
1181 2681 1323 2718 Jacobo
1347 2682 1511 2719 Haddon
1535 2686 1574 2718 et
1595 2681 1748 2718 domiuo

294 2739 522 2787 Dobynsono

200 2799 298 2836 Item
309 2798 527 2836 conceditur
535 2798 688 2836 domino
702 2799 841 2836 Walles
854 2803 896 2836 vt
909 2812 1043 2836 novem
1057 2801 1208 2836 termini
1223 2804 1308 2848 post
1322 2801 1472 2837 finalem
1482 2802 1563 2837 eius
1572 2800 1747 2836 determi-

293 2858 487 2895 nationem
513 2858 552 2895 in
585 2858 725 2906 quibus
753 2859 933 2896 lectiones
961 2860 1169 2897 ordinarias
1197 2860 1346 2897 audiuit
1369 2861 1458 2897 licet
1491 2872 1566 2897 non
1595 2861 1749 2898 omnino
