2008 3216
310 148 394 189 126
893 156 1044 188 emen
1076 155 1200 186 BOOK
1233 154 1262 185 Δ
1644 140 1865 198 [1557-58

311 260 411 296 Item
430 262 467 295 1⁰
483 259 508 296 J
510 259 578 296 ulii
595 260 812 296 conceditur
827 260 851 295 J
853 259 993 296 ohanni
1011 258 1143 305 Mayer
1159 260 1202 293 vt
1226 260 1270 293 12
1292 256 1444 293 termini
1470 256 1510 292 in
1533 255 1672 303 quibus
1688 255 1867 292 lectiones

404 318 612 354 ordinarias
636 318 785 354 audiuit
809 317 897 354 licet
921 329 997 353 non
1022 316 1176 352 omnino
1200 315 1407 351 secundum
1431 315 1592 350 formam
1617 314 1755 350 statuti
1779 325 1866 350 cum

403 377 703 424 oppositionibus
719 381 758 413 et
780 376 1087 424 responsionibus
1108 374 1302 421 requisitis
1324 373 1514 410 sufficiant
1532 374 1567 409 ei
1584 385 1652 420 pro
1671 373 1868 420 completis

403 435 522 483 gradu
543 439 583 472 et
606 436 726 472 forma
749 435 1081 471 bacchalaureatus
1103 434 1143 469 in
1165 432 1312 469 artibus
1333 432 1513 479 quoniam
1538 432 1619 468 sine
1641 444 1777 479 magno
1799 443 1868 468 suo

403 495 632 532 detrimento
672 495 882 542 proximam
920 493 1274 530 determinationem
1309 494 1505 539 expectare
1544 503 1620 528 non
1652 494 1778 538 potest
1814 491 1869 527 sic

403 559 532 591 tamen
566 557 608 590 vt
639 554 722 590 eius
748 553 910 590 eruditio
937 553 1174 589 examinetur
1205 558 1244 588 et
1276 550 1506 599 approbetur
1537 562 1604 598 per
1636 551 1868 598 oppositores

403 613 518 649 huius
542 612 632 648 anni
657 615 696 648 et
724 615 802 648 stet
827 612 867 648 in
896 611 1182 658 quadragesima
1207 610 1337 647 futura
1369 614 1408 646 et
1433 612 1557 646 cetera
1585 613 1739 656 peragat
1762 609 1869 645 iuxta

402 674 562 709 formam
586 675 819 708 statutorum

831 887 1052 944 [Magistri
1085 888 1130 930 in
1161 887 1350 943 artibus]

152 1030 179 1069 f.
203 1031 292 1069 502,
309 1031 506 1078 Supplicat
543 1030 681 1066 uestris
713 1029 935 1066 reuerentiis
966 1029 1143 1066 dominus
1176 1029 1314 1077 Blythe
1346 1033 1389 1066 vt
1425 1041 1562 1066 nouem
1595 1029 1749 1066 termini
1782 1030 1869 1076 post

403 1090 554 1126 finalem
579 1090 660 1126 eius
683 1089 1036 1126 determinationem
1061 1090 1100 1126 in
1124 1089 1263 1137 quibus
1287 1089 1467 1126 lectiones
1489 1088 1696 1125 ordinarias
1722 1088 1870 1125 audiuit

403 1149 492 1185 lieet
507 1161 583 1185 non
600 1148 753 1184 omnino
770 1147 977 1184 secundum
989 1148 1149 1184 formam
1167 1149 1304 1185 statuti
1321 1160 1408 1184 cum
1425 1147 1549 1184 tribus
1564 1146 1870 1195 responsionibus

403 1208 592 1244 sufficiant
608 1208 643 1244 ei
659 1207 707 1243 ad
725 1207 981 1254 incipiendum
999 1208 1038 1243 in
1055 1207 1202 1244 artibus

310 1267 452 1304 Eadem
483 1267 605 1314 gratia
629 1266 847 1303 conceditur
872 1266 918 1303 de
943 1266 1055 1302 verbo
1082 1268 1121 1303 in
1147 1266 1303 1303 verbum
1330 1267 1493 1304 dominis
1523 1266 1683 1303 Grafton
1710 1266 1870 1303 Hudson

406 1326 550 1362 Metam
576 1325 783 1362 Barnsdale
809 1325 1105 1361 Hawkeshurste
1131 1325 1317 1362 Howman

311 1384 509 1432 Supplicat
541 1385 679 1421 uestris
710 1384 933 1420 reuerentiis
969 1383 1146 1420 dominus
1178 1384 1307 1420 White
1345 1386 1389 1420 vt
1429 1395 1564 1420 novem
1599 1384 1752 1420 termini
1784 1387 1871 1431 post

404 1443 555 1480 finalem
580 1443 662 1479 eius
685 1442 1041 1479 determinationem
1061 1442 1101 1478 in
1127 1442 1268 1490 quibus
1289 1442 1467 1478 lectiones
1489 1442 1696 1478 ordinarias
1721 1443 1871 1480 audiuit

405 1503 493 1540 licet
510 1515 585 1539 non
603 1503 758 1539 omnino
774 1501 982 1539 secundum
999 1502 1158 1538 formam
1176 1502 1313 1538 statuti
1331 1514 1417 1538 cum
1429 1501 1551 1538 tribus
1567 1501 1871 1550 responsionibus

405 1562 596 1599 sufficiant
612 1562 645 1598 ei
663 1561 712 1598 ad
730 1561 988 1608 incipiendum
1006 1561 1047 1597 in
1063 1561 1211 1597 artibus

312 1622 453 1659 Eadem
475 1622 598 1669 gratia
619 1621 666 1658 de
687 1621 800 1658 verbo
825 1622 864 1657 in
890 1621 1046 1658 verbum
1071 1621 1289 1658 conceditur
1312 1621 1477 1657 dominis
1502 1621 1692 1669 Tompson
1717 1620 1872 1658 Caluert

405 1681 530 1717 Smith
554 1684 594 1717 et
620 1679 817 1727 Raymond

311 1740 396 1776 Vna
412 1752 499 1776 cum
516 1739 601 1775 istis
618 1739 840 1786 inceperunt
857 1738 896 1774 in
915 1738 1067 1786 collegio
1081 1739 1194 1786 regali
1211 1738 1355 1775 domini
1370 1738 1527 1775 Browne
1541 1738 1675 1775 Olarke
1693 1739 1869 1787 Bryseley

408 1800 554 1847 Popson
587 1797 724 1835 Warde
758 1798 898 1845 quibus
932 1810 1006 1834 non
1048 1802 1130 1834 erat
1168 1798 1290 1845 petita
1326 1798 1448 1845 gratia
1486 1810 1608 1845 neque
1640 1798 1871 1846 dispensatio

406 1870 581 1895 concessa

313 1919 410 1955 Item
430 1921 475 1954 23
492 1918 514 1954 J
520 1917 599 1954 unii
617 1916 836 1954 conceditur
855 1916 1008 1952 domino
1031 1915 1207 1953 Coldwell
1225 1920 1266 1952 vt
1289 1928 1424 1953 novem
1447 1916 1599 1953 termini
1616 1919 1702 1964 post
1721 1917 1871 1954 finalem

406 1977 488 2013 eius
520 1976 874 2013 determinationem
907 1975 946 2011 in
976 1975 1115 2023 quibus
1143 1975 1323 2012 lectiones
1355 1975 1564 2012 ordinarias
1596 1975 1744 2012 audiuit
1782 1976 1871 2013 licet

406 2047 481 2071 non
515 2035 669 2071 omnino
701 2033 909 2071 secundum
943 2034 1103 2071 formam
1130 2034 1267 2070 statuti
1301 2046 1387 2070 cum
1416 2034 1539 2071 tribus
1567 2034 1871 2082 responsionibus

405 2094 594 2132 sufficiant
618 2094 652 2131 ei
677 2093 726 2131 ad
751 2093 1006 2141 incipiendum
1033 2094 1072 2129 in
1098 2093 1244 2130 artibus

312 2154 453 2191 Eadem
478 2154 600 2201 gratia
623 2152 671 2190 de
696 2152 810 2189 verbo
835 2152 873 2189 in
900 2151 1056 2189 verbum
1085 2151 1303 2188 conceditur
1330 2152 1484 2189 domino
1514 2153 1684 2190 Gardner
1716 2157 1751 2190 1⁰
1778 2154 1870 2201 July

409 2215 501 2249 1558

316 2273 411 2310 Item
430 2276 475 2309 23
492 2273 515 2309 J
520 2273 599 2309 unii
616 2272 835 2309 conceditur
850 2272 1004 2310 domino
1027 2272 1258 2309 Sherebroke
1283 2276 1324 2308 vt
1345 2284 1409 2309 sex
1433 2273 1585 2309 termini
1609 2276 1695 2321 post
1720 2273 1869 2309 finalem

407 2332 488 2369 eius
519 2331 874 2369 determinationem
909 2332 948 2368 in
977 2331 1117 2379 quibus
1150 2331 1328 2368 lectiones
1361 2331 1570 2369 ordinarias
1602 2332 1751 2369 audiuit
1782 2332 1870 2369 licet

409 2403 483 2427 non
512 2391 665 2427 omnino
693 2390 898 2428 secundum
928 2391 1089 2427 formam
1117 2390 1255 2427 statuti
1289 2402 1375 2427 cum
1409 2390 1532 2427 tribus
1565 2390 1869 2439 responsionibus

408 2450 597 2487 sufficiant
620 2450 654 2487 ei
682 2450 729 2487 ad
756 2449 1013 2498 incipiendum
1040 2449 1078 2485 in
1105 2448 1252 2486 artibus

318 2511 413 2547 Item
434 2513 470 2546 1⁰
486 2509 508 2545 J
513 2509 578 2546 ulii
596 2509 814 2546 conceditur
829 2508 981 2546 domino
999 2508 1112 2546 Baret
1130 2512 1172 2545 vt
1189 2520 1323 2546 novem
1345 2509 1497 2546 termini
1515 2511 1601 2557 post
1622 2509 1771 2546 finalem
1789 2510 1870 2546 eius

409 2568 760 2605 determinationem
794 2569 832 2605 in
865 2567 1005 2615 quibus
1037 2568 1215 2605 lectiones
1252 2568 1459 2605 ordinarias
1491 2567 1639 2605 audiuit
1670 2568 1758 2606 licet
1794 2581 1867 2606 non

409 2629 563 2664 omnino
579 2627 784 2664 secundum
804 2629 962 2664 formam
979 2627 1116 2664 statuti
1134 2639 1220 2664 cum
1242 2626 1390 2664 duabus
1410 2627 1714 2676 responsionibus
1729 2631 1774 2664 et
1796 2639 1870 2664 vna

412 2686 616 2723 variatione
633 2698 733 2723 anno
750 2686 919 2734 proximo
936 2685 1108 2723 habenda
1126 2690 1279 2738 propter
1295 2686 1540 2723 necessariam
1562 2686 1642 2723 eius
1658 2685 1868 2723 absentiam

410 2746 599 2782 sufficiant
616 2746 647 2782 ei
666 2745 712 2782 nd
733 2745 987 2794 incipiendum
1006 2745 1044 2782 in
1062 2745 1209 2782 artibus
