2008 3294
366 179 453 220 338
950 190 1102 222 GRAGE
1132 191 1257 221 BOOK
1287 191 1316 222 Δ
1695 183 1919 237 [1580-81

367 291 592 339 Sadlington
651 293 731 329 Pet.
888 292 1043 329 Coniers
1407 293 1600 330 Stockdall
1689 294 1767 331 Cla.

367 351 531 388 Stafford
888 351 1113 398 Wolfynden
1135 293 1154 464 Ἰ
1408 353 1559 400 Malbye
1688 353 1732 391 G.
1749 354 1780 390 δι
1797 354 1839 394 0.

368 410 543 448 Godderd
888 409 1038 445 Evance
1405 412 1522 448 Howe

368 469 392 506 J
394 481 489 517 eney
505 469 544 518 [J
546 470 631 518 ene]
889 467 1080 505 Robinson
1146 467 1166 522 }
1179 469 1203 505 J
1206 481 1238 505 ο.
1405 472 1516 507 Rowe
1591 418 1614 571 ξ
1684 473 1739 509 01.

370 529 490 564 Broke
704 528 812 565 Clare
888 527 996 563 Pratt
1147 524 1153 589 Ι
1405 530 1579 566 Gunston
1697 541 1702 547 ·

367 586 526 634 Cropley
887 587 1003 622 Tiffer
1147 591 1153 659 Ι
1405 588 1530 624 Bristo
1684 589 1808 636 Magd.

368 646 549 683 Marshall
886 645 1027 681 Lambe
1134 660 1152 694 J
1403 647 1532 683 Neave
1687 649 1777 686 Ben.

367 706 513 753 Rydley
885 703 1056 796 Fawcet}
1165 734 1213 770 Jo
1403 705 1567 742 Mericke
1590 709 1605 800 ξ
1682 735 1760 771 Chr

366 764 505 801 Colliar
884 760 999 797 Holte
1215 762 1222 770 “
1403 764 1579 810 Swynsco
1761 765 1769 772 '

365 822 460 859 Cass
512 779 527 870 }
646 793 735 830 ΟΜ·
884 820 997 856 Pares
1402 822 1553 869 Hooper
1684 823 1771 870 Reg.

365 882 527 918 Forman
645 881 669 917 J
672 893 704 918 o.
883 879 989 926 Keye
1004 879 1138 929 [Caye]
1194 911 1225 946 Τ
1401 881 1562 917 Gowche
1682 910 1706 946 J

366 940 526 976 Patoson
645 939 733 976 Chr.
882 939 1013 975 Berith
1226 923 1259 947 Π
1398 890 1624 987 Atkynson}
1709 923 1740 946 ⁰·

364 998 476 1034 Rawe
645 998 724 1035 Pet.
880 998 987 1034 Veall
1401 999 1644 1046 Huntington
1652 994 1778 1036 Penib.
1786 999 1919 1049 [Mag]

364 1057 556 1105 Fotherby
646 1057 786 1105 Regino
881 1056 1119 1094 Williamson
1402 1059 1592 1106 Oummyn
1679 1059 1703 1096 J
1706 1071 1738 1095 o.

363 1116 547 1153 Elderton
882 1116 997 1164 Olaye
1131 1066 1152 1219 ξ
1166 1117 1307 1165 Regino
1403 1118 1552 1166 Lynzey
1683 1118 1792 1155 Clare

410 1174 612 1225 [Ellerton]
645 1175 786 1222 Regino
882 1175 1106 1223 Brightman
1625 1179 1694 1214 194

362 1371 474 1408 Mem.
496 1371 598 1419 quod
621 1371 714 1409 Tho.
738 1372 920 1408 Barsham
946 1384 1022 1408 non
1046 1372 1120 1408 fuit
1146 1372 1394 1419 inauguratus
1418 1383 1486 1408 nec
1511 1372 1705 1419 respondit
1728 1373 1917 1420 questioni

457 1489 653 1537 Hawkyns
670 1502 717 1526 xx
728 1502 747 1526 s
765 1489 906 1538 erased]
923 1493 963 1526 et
980 1502 1055 1526 non
1073 1493 1132 1526 est
1151 1489 1441 1526 bacchalaureus

361 1547 588 1585 Conceditur
607 1551 650 1585 16
668 1548 887 1585 Decembris
905 1551 946 1584 vt
963 1548 1134 1595 magistri
1152 1549 1364 1585 Willelmus
1383 1548 1608 1585 Pemberton
1625 1552 1665 1585 et
1682 1549 1819 1597 Smyth
1836 1517 1914 1586 sint

453 1608 729 1644 examinatores
751 1608 1090 1655 questionistarum
1113 1607 1349 1654 insequentis
1371 1607 1461 1643 anni
1485 1608 1538 1644 sic
1562 1611 1604 1644 vt
1627 1620 1754 1644 coram
1778 1613 1913 1645 senatu

454 1666 633 1704 iuditium
661 1671 701 1704 et
727 1668 955 1704 sententiam
985 1668 1109 1704 ferant
1136 1668 1175 1704 in
1204 1668 1283 1704 vim
1309 1668 1513 1704 iuramenti
1540 1668 1646 1716 prius
1675 1668 1914 1706 vniuersitati

456 1725 606 1772 prestiti

169 1980 196 2019 f.
224 1981 298 2019 132
318 1982 344 2019 b
926 1979 1144 2037 [Magistri
1176 1979 1357 2035 artium]

360 2117 450 2154 0011.
470 2117 603 2154 Trinit.
624 2119 645 2154 7
703 2115 931 2154 Conceditur
950 2115 1104 2151 domino
1127 2115 1270 2152 Thome
1295 2115 1427 2152 Hoode
1450 2121 1493 2152 vt
1515 2119 1538 2153 9
1561 2117 1714 2153 termini
1737 2118 1912 2165 completi

455 2178 541 2224 post
570 2175 718 2212 finalem
748 2175 829 2211 eius
857 2174 1214 2211 determinacionem
1248 2175 1288 2211 in
1320 2174 1460 2223 quibus
1492 2175 1672 2212 lectiones
1704 2176 1930 2213 ordinarias.

453 2234 602 2272 audivit
618 2234 705 2271 licet
723 2245 796 2270 uon
815 2233 970 2269 omnino
986 2232 1194 2269 secundum
1212 2233 1371 2270 formam
1395 2234 1532 2270 statuti
1556 2246 1643 2271 cum
1667 2235 1909 2282 oppositioni-

454 2293 525 2330 bus
541 2291 846 2341 responsionibus
861 2294 901 2328 et
917 2292 1002 2328 aliis
1018 2292 1206 2329 exercitiis
1222 2304 1289 2340 per
1305 2295 1454 2329 statuta
1471 2293 1571 2340 rogia
1592 2293 1785 2341 requisitis
1808 2295 1908 2332 suffi-

452 2353 556 2390 ciant
571 2352 604 2389 ei
622 2351 670 2389 ad
688 2350 944 2399 incipiendum
962 2351 1000 2387 in
1018 2351 1165 2388 artibus

359 2412 500 2451 Eadem
515 2411 638 2460 gratia
654 2410 872 2448 conceditur
886 2410 920 2447 d.
939 2410 961 2447 J
966 2423 997 2446 0.
1014 2410 1227 2458 Howghtou
1245 2410 1308 2447 W⁰
1326 2410 1415 2447 Han
1434 2411 1530 2447 Heu.
1546 2411 1654 2448 Gries
1670 2411 1761 2449 Tho.
1778 2412 1907 2450 Harri-

451 2484 520 2509 κου
537 2471 628 2508 Tho.
651 2470 832 2507 Whitnell
851 2469 1034 2507 Edwardo
1051 2469 1182 2507 Sewell

359 2533 414 2569 1⁴31
431 2531 585 2578 collegio
599 2529 678 2567 divi
695 2530 717 2566 J
722 2529 883 2566 ohannis
940 2529 975 2566 d.
995 2529 1017 2565 J
1021 2541 1051 2566 0.
1074 2529 1235 2578 Meyhen
1255 2530 1350 2567 Hen.
1372 2529 1500 2567 Bowes
1518 2530 1573 2567 W.
1596 2530 1715 2578 Ingall
1733 2531 1908 2569 Eleazaro

454 2589 565 2626 Knox
586 2588 662 2625 Ric.
685 2587 822 2624 Parker
838 2587 896 2624 ἆυ.
916 2588 1059 2624 Gai-net

360 2651 414 2687 Ex
443 2649 597 2697 collegio
626 2648 769 2685 Christi
834 2646 868 2685 d.
902 2647 1010 2683 Zach.
1045 2647 1222 2685 Hawsord
1251 2648 1342 2685 Tho.
1375 2647 1543 2686 Osborue
1573 2648 1664 2685 Tho.
1701 2649 1906 2697 Lawghton

454 2707 636 2746 Edwardo
658 2707 804 2754 Rsyson
827 2706 915 2743 Rob.
934 2707 1097 2754 Paynter
1112 2706 1134 2743 J
1138 2718 1169 2743 ο.
1185 2706 1366 2744 Sherston
1379 2707 1402 2743 J
1405 2706 1522 2744 aoobo
1535 2707 1662 2744 White
1676 2707 1806 2746 Fraus.
1822 2709 1907 2757 Key

360 2769 412 2806 Ex
430 2766 583 2814 collegio
603 2765 764 2813 Regineo
826 2764 861 2802 d.
884 2765 1025 2812 Rogoro
1044 2765 1182 2803 Psi-ker
1198 2765 1289 2803 Tho.
1309 2766 1430 2803 Goose
1448 2765 1607 2803 Ricardo
1624 2766 1769 2815 Alyson

360 2829 412 2865 Ex
430 2827 518 2865 aula
533 2825 642 2865 Clare
705 2823 740 2861 d.
759 2824 816 2862 Jo.
835 2823 1043 2861 Chambers
1059 2823 1225 2871 Josepho
1242 2823 1397 2872 Gybson
1416 2824 1548 2861 Gwalt.
1569 2824 1796 2862 Netheroote
1813 2825 1904 2863 Tho.

453 2884 621 2924 bonu-d
640 2884 672 2921 N
678 2883 821 2922 icholso
836 2883 1001 2931 «lem-eye
1020 2883 1082 2919 W⁰
1103 2882 1240 2920 Steade
1263 2882 1354 2920 Tho.
1380 2882 1574 2920 Grimstou
1598 2883 1756 2920 Ricardo
1780 2883 1906 2922 Kellet
