2008 3216
148 152 366 208 1554-55]
720 162 874 195 emon
903 162 1029 195 Boon
1059 163 1090 194 Δ
1614 153 1698 196 103

145 265 244 301 Item
269 264 490 301 conceditur
516 264 539 301 J
543 263 683 300 ohanni
708 263 908 300 Ooldwello
939 267 983 301 vt
1018 266 1062 300 12
1093 264 1246 300 termini
1278 264 1456 311 completi
1489 264 1528 299 in
1562 263 1702 310 quibus

238 324 416 361 lectiones
440 324 648 361 ordinarias
672 335 739 371 per
761 324 941 360 maiorem
966 327 1113 371 partem
1138 323 1178 359 in
1200 326 1283 360 toto
1307 323 1456 360 audiuit
1477 335 1564 359 cum
1588 335 1701 370 oppo-

238 382 440 419 sitionibus
455 385 495 419 et
510 381 818 430 responsionibus
833 382 940 418 iuxta
955 382 1116 418 formam
1134 381 1272 418 statuti
1297 381 1490 428 requisitis
1512 381 1702 417 sufficiant

237 443 272 479 ei
288 442 337 479 ad
353 441 657 490 respondendum
673 441 866 488 questioni

145 501 244 538 Item
269 501 487 538 conceditur
510 502 653 538 Thome
676 501 831 548 Murgan
858 502 900 536 vt
927 503 970 536 12
995 500 1149 537 termini
1174 499 1213 536 in
1238 499 1378 546 quibus
1402 499 1582 535 lectiones
1603 499 1701 535 ordi·

237 561 362 596 narias
393 560 542 597 audiuit
574 560 663 596 lieet
700 571 774 595 non
808 558 962 594 omnino
1000 558 1208 595 secundum
1245 559 1407 595 formam
1439 558 1578 594 statuti
1615 569 1702 594 cum

238 618 537 666 oppositionibus
569 621 608 654 et
632 616 937 664 responsionibus
961 617 1154 663 requisitis
1182 617 1373 653 sufficiant
1398 617 1432 652 ei
1466 616 1513 652 ad
1540 617 1704 653 finaliter

238 677 566 714 determinandum
584 689 670 713 cum
695 677 828 712 ceteris
851 676 964 712 huius
979 677 1069 712 anni
1094 675 1372 712 bacchalaureis
1422 675 1484 711 Ita
1499 675 1600 722 quod
1622 676 1703 712 eius

238 736 400 772 eruditio
416 737 652 772 examinetur
667 739 707 772 et
730 735 960 783 approbetur
981 747 1048 783 per
1063 736 1296 783 oppositores
1319 735 1432 771 huius
1451 735 1542 771 anni
1563 739 1603 771 et
1626 738 1704 771 stet

239 796 278 831 in
296 796 435 832 scholis
451 807 518 843 per
534 795 717 843 reliquam
735 795 1060 842 quadragesimam

147 853 247 890 Item
276 854 495 890 conceditur
520 853 544 890 J
547 854 687 890 ohanni
722 853 914 890 Hammon
947 856 990 889 vt
1018 856 1062 889 12
1094 853 1248 889 termini
1282 853 1321 888 in
1354 852 1494 899 quibus
1525 852 1705 889 lectiones

241 913 449 949 ordinarias
474 913 623 949 audiuit
647 913 736 949 licet
760 925 835 949 non
859 913 1012 949 omnino
1037 913 1243 949 secundum
1266 913 1427 949 formam
1455 914 1592 949 statuti
1617 925 1704 949 cum

241 971 541 1019 oppositionibus
558 975 598 1008 et
617 971 922 1019 responsionibus
944 971 1136 1018 requisitis
1158 972 1348 1007 sufficiant
1367 972 1401 1007 ei
1425 984 1492 1019 pro
1509 972 1706 1019 completis

239 1030 358 1076 gradu
388 1033 428 1066 et
460 1031 581 1066 forma
605 1030 939 1066 bacchalaureatus
965 1030 1003 1065 in
1028 1029 1176 1065 artibus
1226 1030 1288 1066 Ita
1313 1030 1414 1076 quod
1438 1030 1520 1066 eius
1543 1030 1706 1066 eruditio

240 1089 476 1125 examinetur
491 1091 531 1124 et
547 1088 777 1136 approbetur
793 1100 860 1135 per
875 1088 1110 1135 oppositores
1134 1088 1225 1123 anui
1250 1088 1367 1135 elapsi
1388 1091 1465 1124 stet
1483 1088 1521 1124 in
1545 1087 1705 1134 quadra-

240 1147 380 1194 gesima
397 1148 566 1194 proxima
582 1147 806 1183 conviuetur
822 1150 861 1183 et
877 1150 1001 1182 cetera
1018 1150 1172 1193 peragat
1188 1146 1294 1182 iuxta
1312 1147 1472 1182 sormam
1489 1147 1626 1183 statuti

527 1285 628 1321 Actu
654 1284 914 1320 bacchalaurei
940 1284 1103 1319 termino
1130 1283 1327 1319 Michaelis

671 1355 810 1391 Hulett
1011 1354 1184 1400 Olowghe

215 1451 439 1494 Numerus
469 1450 877 1493 bacchalaureorum
911 1450 955 1492 in
988 1449 1159 1492 artibus
1191 1449 1317 1492 iuxta
1347 1449 1646 1492 senioritatem

317 1556 329 1580 ¹
339 1555 495 1592 Browne
831 1554 993 1590 Mettam
1326 1552 1540 1600 Dawbeney

338 1614 478 1662 Whyte
832 1613 950 1649 Ruste
1325 1612 1599 1648 Hawkeshurst

339 1672 498 1720 Igulden
832 1670 1023 1707 Stewarde
1324 1670 1462 1707 Warde

339 1732 530 1779 Tompson
832 1730 871 1766 M
875 1730 976 1778 orley
1327 1730 1508 1766 Marshall

340 1791 480 1839 Blythe
833 1789 989 1837 Brysley
1327 1789 1562 1826 Landesdale

340 1850 560 1899 Raymonde
832 1849 1031 1885 Barnsdall
1326 1850 1490 1897 Puryfye

340 1908 508 1957 Twydall
834 1907 1015 1944 Debanke
1327 1908 1469 1955 Byram

341 1968 475 2005 Clarke
832 1967 954 2014 Boyes
1327 1966 1496 2014 Hawghe

341 2027 491 2075 Kytson
835 2025 1046 2062 Woodosou
1328 2025 1481 2062 Calvert

342 2086 518 2123 Ooldwell
832 2084 1074 2120 Stackhowse
1327 2084 1514 2120 Howman

344 2147 491 2194 Popson
834 2144 994 2192 Ryddall
1327 2144 1494 2191 Godfrey

343 2205 510 2242 Waferer
835 2204 995 2240 Hudsou
1330 2203 1487 2250 Morgan

342 2264 538 2311 Gardyner
834 2263 1008 2311 Woorley
1329 2263 1522 2300 Hammon

343 2324 494 2360 Barrett

695 2526 900 2585 Magistri
932 2527 975 2568 in
1007 2526 1178 2569 artibus
1729 2492 1755 2530 f'
1778 2491 1826 2529 41
1850 2504 1874 2529 a

157 2638 203 2674 In
231 2637 365 2684 primis
393 2636 610 2672 conceditur
635 2635 790 2671 domino
815 2633 1016 2670 Acworthe
1041 2636 1084 2670 vt
1109 2645 1243 2670 novem
1268 2634 1423 2669 termini
1448 2636 1536 2681 post
1561 2633 1712 2670 finalem

251 2697 333 2733 eius
364 2695 719 2732 determinationem
752 2694 792 2730 in
821 2693 960 2740 quibus
992 2693 1173 2728 lectiones
1204 2692 1414 2728 ordinarias
1445 2692 1594 2728 audiuit
1625 2693 1714 2728 licet

252 2768 328 2792 non
357 2756 511 2792 omnino
540 2754 747 2791 secundum
781 2754 942 2789 formam
971 2753 1109 2788 statuti
1138 2764 1226 2788 cum
1255 2753 1380 2788 tribus
1407 2752 1714 2799 responsionibus

251 2815 444 2852 sufficiant
467 2815 502 2851 ei
526 2814 575 2850 ad
601 2813 858 2861 incipiendum
884 2813 923 2848 in
948 2812 1097 2848 artibus

223 2926 236 2948 ¹
258 2927 370 2960 These
385 2937 506 2960 names
521 2937 581 2960 are
599 2926 768 2967 arranged
783 2926 820 2958 in
837 2935 902 2958 one
918 2925 1060 2958 column
1076 2924 1179 2966 along
1194 2925 1254 2958 the
1269 2925 1406 2958 bottom
1422 2926 1460 2958 of
1473 2926 1532 2958 the
1546 2935 1644 2968 page.
