2002 3236
185 169 403 225 1543-44]
765 179 916 211 omos
947 180 1070 211 Boox
1101 179 1131 211 Δ
1672 172 1724 212 17

179 283 277 320 Item
294 283 510 320 conceditur
531 284 710 331 magistro
727 283 850 320 Blank
866 286 908 320 vt
925 283 1096 320 studium
1116 286 1262 330 septem
1278 295 1464 320 annorum
1481 284 1521 320 in
1541 284 1728 331 theologia

271 345 358 390 post
384 343 466 379 eius
493 343 739 379 necessariam
768 342 975 389 regentiam
1011 354 1098 378 cum
1130 342 1278 379 duobus
1309 342 1546 379 sermonibus
1571 354 1646 379 vno
1677 343 1725 380 ad

271 401 412 438 clerum
431 401 548 437 altero
570 401 618 437 ad
637 413 786 437 crucem
811 401 916 437 Pauli
942 404 981 437 et
1003 413 1090 437 cum
1116 413 1190 436 vna
1212 401 1451 448 responsione
1473 401 1532 437 vel
1554 401 1726 449 pluribus

270 460 303 496 si
328 460 524 507 exigantur
547 460 735 496 sufficiant
764 459 835 496 sibi
865 459 913 496 ad
943 459 1210 507 opponendum
1235 463 1274 495 et
1300 459 1519 496 intrandum
1545 460 1583 495 in
1610 459 1726 496 libros

270 519 543 556 sententiarum
568 519 621 555 sic
645 519 746 566 quod
765 519 995 555 admittatur
1015 518 1063 555 ad
1083 518 1347 566 opponendum
1373 519 1471 555 infra
1494 531 1662 555 mensem
1685 523 1725 556 et

273 580 348 613 stet
372 589 564 625 opponens
589 589 705 625 vsque
730 578 778 614 ad
803 578 942 614 festum
968 578 1140 614 Barnabe

180 637 278 673 Item
303 636 519 674 conceditur
543 636 664 674 eidem
689 640 732 673 vt
755 637 934 684 quoniam
960 649 1025 684 per
1050 637 1201 683 negocia
1223 637 1354 673 adesse
1379 648 1452 672 non
1478 638 1605 684 potuit
1630 637 1729 673 infra

272 698 422 743 tempus
438 695 688 743 prescriptum
705 707 772 743 per
786 696 947 742 gratiam
965 695 1147 742 superiori
1164 695 1225 732 die
1240 708 1263 731 a
1288 695 1392 731 vobis
1416 707 1629 732 concessam
1652 696 1728 731 iam

272 753 424 790 admitti
453 754 574 802 possit
598 757 679 790 tam
712 754 759 790 ad
788 754 1053 802 opponendum
1086 766 1202 802 quam
1232 754 1452 790 intrandum
1481 755 1520 791 in
1550 755 1730 802 proximis

273 813 439 860 exequiis
464 814 519 849 ita
542 813 644 860 quod
669 814 786 850 intret
811 814 880 849 hoc
905 825 1003 850 anno

182 871 279 908 Item
297 871 513 908 conceditur
534 872 715 919 magistro
737 872 921 908 Goffarler
943 875 986 908 vt
1008 872 1179 908 studium
1201 872 1329 909 decem
1352 885 1538 909 annorum
1562 873 1601 909 in
1624 873 1728 909 theo-

273 931 369 978 logia
393 944 467 968 vna
490 943 577 968 cum
601 931 749 968 duobus
773 932 1009 968 sermonibus
1031 944 1105 968 vno
1128 932 1178 968 ad
1203 932 1343 968 clerum
1368 932 1486 969 altero
1508 932 1555 969 ad
1581 944 1729 969 crucem

275 989 381 1026 Pauli
406 993 445 1026 et
466 1002 552 1026 cum
571 1002 644 1026 vna
666 990 906 1037 responsione
923 990 981 1026 vel
1004 989 1176 1037 pluribus
1197 990 1230 1026 si
1255 991 1452 1036 exigantur
1471 991 1566 1026 citra
1589 990 1728 1027 festum

274 1048 414 1084 Pasche
439 1049 651 1096 proximum
675 1047 747 1084 sub
769 1059 867 1095 pena
888 1048 1076 1085 cautionis
1093 1049 1143 1086 xl·
1159 1048 1330 1095 ponende
1347 1048 1386 1084 in
1404 1048 1579 1085 manibus
1598 1061 1729 1096 procu-

273 1111 440 1144 ratorum
463 1110 667 1155 antequam
689 1107 916 1144 admittatur
938 1108 1101 1144 sufficiat
1123 1108 1157 1143 ei
1179 1107 1227 1143 ad
1244 1107 1508 1155 opponendum
1526 1114 1564 1144 et
1587 1108 1728 1144 intran-

273 1165 364 1202 dum
396 1166 435 1202 in
467 1165 582 1202 libros
608 1166 883 1202 sententiarum
916 1166 970 1202 sic
996 1165 1096 1213 quod
1128 1165 1356 1202 admittatur
1385 1166 1432 1202 ad
1465 1167 1730 1214 opponendum

273 1225 370 1261 infra
393 1224 521 1262 decem
545 1225 626 1262 dies
653 1228 693 1261 et
717 1228 795 1261 stet
817 1237 1010 1272 opponens
1034 1237 1151 1272 vsque
1182 1226 1230 1262 ad
1255 1226 1395 1262 festum
1421 1226 1592 1262 Barnabe
1616 1230 1655 1263 et
1680 1228 1732 1263 sit

273 1284 319 1320 de
342 1285 483 1331 gremio
507 1284 561 1320 sic
584 1284 685 1331 quod
711 1284 834 1320 soluat
858 1284 1076 1320 acbademie
1104 1290 1164 1320 xx·

178 1343 276 1380 Item
298 1343 514 1379 conceditur
535 1343 714 1390 magistro
739 1342 886 1379 Marten
904 1347 946 1379 vt
969 1342 1139 1381 studium
1160 1342 1329 1389 quinque
1352 1355 1538 1380 annorum
1562 1345 1600 1380 in
1625 1345 1729 1381 theo-

273 1402 371 1448 logia
391 1404 592 1448 postquam
610 1401 746 1438 rexerit
764 1413 849 1437 cum
872 1401 1020 1438 duobus
1036 1401 1271 1437 sermonibus
1289 1414 1362 1437 vno
1384 1402 1432 1438 ad
1456 1403 1597 1440 clerum
1613 1404 1731 1440 altero

272 1460 321 1496 ad
343 1471 491 1496 crucem
515 1459 621 1496 Pauli
644 1465 683 1496 et
699 1471 784 1496 cum
803 1472 876 1496 vna
898 1460 1139 1507 responsione
1162 1460 1331 1506 proximo
1351 1473 1451 1496 anno
1471 1461 1543 1497 sub
1565 1474 1662 1510 pena
1681 1463 1732 1499 xl·

273 1516 312 1552 in
338 1515 512 1551 manibus
536 1518 819 1562 procuratorum
844 1518 935 1551 ante
963 1515 1044 1551 eius
1073 1514 1340 1550 admissionem
1369 1516 1541 1562 ponenda
1569 1518 1732 1553 sufficiat

273 1574 306 1610 ei
337 1573 385 1610 ad
417 1573 680 1622 opponendum
705 1578 744 1610 et
769 1574 989 1611 intrandum
1021 1574 1060 1610 in
1093 1573 1208 1610 libros
1233 1575 1509 1627 sententiarum
1542 1576 1596 1612 sic
1630 1575 1731 1624 quod

273 1633 501 1670 admittatur
526 1636 606 1669 tam
635 1633 683 1670 ad
716 1633 981 1681 opponendum
1014 1645 1130 1681 quam
1163 1633 1383 1670 intrandum
1416 1634 1511 1670 citra
1539 1636 1732 1673 commitia

300 1701 443 1726 roxima

181 1702 517 1784 Itempconceditur
539 1751 582 1784 vt
607 1748 799 1795 responsio
826 1748 1033 1794 theologica
1057 1746 1105 1783 ad
1132 1759 1247 1794 quam
1268 1750 1419 1784 tenetur
1444 1749 1623 1795 magister
1649 1749 1731 1797 Syl-

271 1806 386 1854 yarde
410 1807 549 1843 mutari
574 1807 694 1854 possit
718 1807 756 1842 in
782 1819 846 1843 sex
870 1818 1061 1843 sermones
1085 1805 1133 1842 ad
1158 1806 1338 1853 populum
1362 1811 1516 1854 propter
1541 1807 1730 1845 defectum

272 1865 434 1902 doctoris
481 1866 537 1902 ita
561 1866 661 1912 quod
689 1865 812 1902 soluat
838 1865 1078 1901 vniuersitati
1105 1871 1167 1900 xx·

179 1948 278 1984 Item
293 1947 510 1984 conceditur
526 1951 568 1983 vt
583 1947 775 1996 responsio
791 1947 999 1994 theologica
1015 1946 1062 1983 ad
1080 1959 1195 1994 quam
1213 1951 1366 1984 tenetur
1382 1949 1562 1996 magister
1579 1950 1731 1987 Hunter
1748 1954 1774 1992 f,
1798 1956 1819 1994 7
1839 1954 1863 1992 b

272 2007 416 2043 ratione
437 2005 575 2053 gradus
590 2005 921 2042 bacchalaureatus
938 2006 978 2041 in
995 2005 1182 2052 theologia
1198 2007 1363 2054 suseepti
1388 2008 1526 2044 mutari
1550 2009 1670 2056 possit
1690 2010 1729 2045 in

271 2068 434 2112 quatuor
464 2075 654 2100 sermones
684 2063 732 2100 ad
762 2063 943 2111 populum
975 2067 1014 2100 et
1047 2064 1172 2101 soluat
1205 2066 1444 2102 vniuersitati
1479 2067 1562 2114 xxvj
1577 2079 1596 2103 s
1628 2068 1730 2115 viijd

272 2123 451 2171 quoniam
476 2123 622 2159 nullum
646 2123 711 2169 qui
737 2122 930 2170 disputare
955 2123 1046 2159 velit
1071 2123 1238 2160 invenire
1262 2125 1382 2171 possit

180 2182 279 2219 Item
301 2181 517 2219 conceditur
533 2185 575 2218 vt
594 2181 755 2229 prefatio
771 2181 904 2218 habita
920 2181 1102 2228 postridie
1118 2183 1396 2219 commitiorum
1413 2195 1437 2219 a
1453 2183 1731 2221 bacchalaureis

274 2241 456 2288 theologie
482 2241 645 2277 sufficiat
667 2240 722 2276 eis
746 2241 812 2287 qui
838 2252 938 2276 nunc
963 2244 1055 2276 suut
1079 2244 1119 2276 et
1144 2242 1211 2287 qui
1239 2241 1279 2277 in
1308 2245 1500 2288 posterum
1524 2247 1636 2279 erunt
1664 2256 1731 2290 pro

272 2300 431 2336 lectione
469 2300 639 2347 magistri
679 2300 953 2335 sententiarum
987 2300 1165 2345 quoniam
1199 2300 1422 2346 magistrum
1455 2303 1730 2339 sententiarum

273 2358 392 2404 legere
415 2369 481 2405 per
502 2357 622 2405 regias
644 2357 897 2392 iniunctiones
919 2368 994 2392 non
1018 2356 1106 2392 licet
1123 2359 1162 2392 et
1179 2357 1280 2403 quod
1304 2369 1380 2393 non
1398 2362 1600 2395 teneantur
1621 2372 1730 2408 prop-

274 2420 377 2454 terea
393 2417 440 2453 ad
458 2417 672 2454 vlteriorem
690 2415 933 2452 residentiam

179 2475 278 2512 Item
302 2475 518 2512 conceditur
539 2479 582 2512 vt
601 2487 646 2511 ea
670 2474 862 2522 responsio
890 2473 938 2510 ad
967 2486 1082 2521 quam
1107 2477 1260 2510 tenetur
1285 2474 1459 2511 Oliuerus
1481 2475 1732 2523 Aynsworthe

272 2535 416 2571 ratione
438 2534 770 2571 bacchalaureatus
796 2534 836 2569 in
858 2534 1045 2581 theologia
1065 2534 1186 2581 possit
1206 2534 1346 2570 mutari
1366 2534 1405 2569 in
1429 2534 1524 2571 duos
1541 2548 1732 2573 sermones

272 2605 388 2630 vnum
421 2594 469 2630 ad
501 2594 642 2630 clerum
674 2597 763 2629 ante
796 2593 935 2628 festum
970 2592 1092 2628 sancti
1120 2593 1143 2628 J
1147 2592 1279 2628 oannis
1312 2593 1483 2640 Baptiste
1518 2595 1731 2641 proximum

272 2653 434 2689 alterum
466 2653 514 2689 ad
541 2653 723 2700 placitum
753 2653 806 2688 sic
835 2651 935 2699 quod
969 2651 1093 2687 soluat
1117 2651 1355 2688 vniuersitati
1385 2652 1543 2700 xiijsiiij
1556 2653 1581 2690 d
1630 2655 1731 2691 Nam

274 2723 520 2760 sepenumero
548 2723 617 2760 pro
645 2712 886 2759 responsione
915 2709 1089 2746 habenda
1122 2710 1262 2746 multos
1289 2711 1492 2748 solicitavit
1517 2715 1556 2749 et
1585 2714 1731 2750 nullum

272 2771 398 2818 potuit
422 2770 591 2807 obtinere
616 2771 683 2818 qui
706 2770 939 2818 provinciam
963 2769 1175 2816 opponendi
1200 2770 1406 2816 susciperet
1675 2766 1678 2770 ’

181 2828 280 2866 Item
296 2829 512 2865 conceditur
528 2832 570 2865 vt
591 2829 783 2876 responsio
799 2828 839 2864 in
856 2828 1135 2864 commitiorum
1151 2826 1213 2863 die
1230 2827 1403 2865 habenda
1419 2830 1470 2865 sit
1490 2831 1732 2878 respondenti

274 2887 354 2924 vice
370 2887 622 2935 respontionis
637 2899 705 2935 pro
721 2887 843 2923 forma

291 2959 323 2986 1..
348 2959 402 2987 iv,
1599 2951 1623 2988 2
