2008 3294
305 174 391 214 320
898 186 1050 217 (111Αο11
1080 182 1204 216 110οΚ
1236 185 1265 216 Δ
1635 169 1859 228 [1578-79

305 286 397 323 Τ110.
419 287 631 335 Puckering
720 289 787 324 ΒΜ
1118 287 1304 323 Ricardus
1321 287 1477 335 Wyleon
1623 286 1698 323 Tri.

303 346 361 382 J0.
381 346 520 393 Smyth
717 347 804 384 Chr.
1115 348 1139 383 J
1142 359 1173 383 o.
1194 346 1372 383 Cowarde
1625 345 1701 382 Tri.

304 405 395 441 Tho.
415 405 641 442 Newcomen
715 407 792 442 Tri.
1117 407 1230 442 Leon.
1251 406 1384 442 Shawe
1623 404 1698 441 Tri.

306 461 397 499 Rob.
418 463 552 499 Pechie
714 464 739 499 J
741 476 791 500 es.
1115 466 1224 503 Geor.
1243 466 1375 502 Cloase
1431 493 1436 501 ,
1622 465 1701 501 Tri.

306 523 395 558 Lau.
416 523 518 570 Kyte
715 524 803 560 Chr.
1115 525 1222 561 Alex.
1241 524 1440 560 Anderson
1623 523 1699 559 Tri.

307 581 383 617 Ric.
402 581 548 629 Comyn
717 583 785 618 Β110
1115 583 1206 619 Τ110.
1227 583 1408 629 Huggens
1625 581 1727 617 Petri

304 640 361 677 J0.
381 641 562 689 Chomley
714 643 791 679 Tri.
1116 642 1195 678 Ric.
1215 642 1320 678 Mote
1620 640 1644 676 J
1647 653 1678 676 ο.

305 700 361 736 W.
382 700 566 736 Barnwell
716 701 793 739 Jes.
1115 701 1223 737 Geor.
1242 701 1427 736 Risheton
1623 699 1678 736 CL

307 760 384 797 Ric.
405 760 506 795 Lane
717 761 794 797 Tri.
1116 759 1174 795 W.
1195 759 1343 806 Harrys
1622 759 1682 795 J0.

304 817 364 853 J0.
382 817 519 864 Smyth
718 819 805 865 Reg.
1117 817 1208 853 Tho.
1228 817 1366 853 Dunne
1622 817 1719 854 Clar.

306 875 397 910 Tho.
415 875 545 911 Cleare
715 877 792 912 Tri.
1117 877 1195 914 Ric.
1213 876 1401 914 Wrathall
1622 875 1663 924 [J
1664 875 1715 924 o.]

307 933 398 968 Tho.
417 933 573 969 Francis
716 934 740 970 J
742 946 793 971 es
1115 935 1173 971 W.
1193 934 1372 982 Lyndsell
1623 935 1702 971 Pet.

307 993 363 1029 W.
382 993 535 1040 Cawsey
717 994 761 1031 G.
779 995 811 1031 &
827 995 869 1032 C.
1116 994 1226 1030 Laur.
1245 993 1416 1030 Seriesen
1625 994 1692 1029 R¹¹0

304 1052 327 1087 J
331 1064 364 1087 0.
387 1052 582 1099 Harryson
715 1053 740 1089 J
741 1064 774 1090 o.
1114 1052 1173 1089 W.
1192 1053 1316 1089 Green
1622 1053 1675 1089 Cl.

305 1111 363 1146 W.
382 1111 477 1146 Bate
717 1111 1340 1160 Magd.Radu1phus
1357 1112 1500 1149 Graves
1624 1112 1678 1148 Cl.

308 1169 398 1205 Rob.
417 1169 596 1206 Widoson
715 1170 825 1218 Corp.
848 1170 936 1208 Chr.
1116 1173 1214 1209 Hen.
1234 1172 1372 1220 Lessey
1622 1172 1645 1207 J
1648 1183 1716 1208 esu

306 1229 436 1266 Franc.
454 1229 596 1276 Jepson
716 1229 803 1267 Chr.
1116 1231 1211 1270 Rob.
1230 1231 1473 1278 Ottringham
1623 1231 1699 1268 Tri.

305 1287 407 1323 Edw.
426 1287 571 1334 Sharpe
718 1287 794 1324 Tri.
1450 1292 1518 1326 106

305 1346 413 1383 Edm.
432 1346 570 1395 [Edw.]
587 1347 712 1384 Baker
729 1347 773 1384 G.
792 1347 823 1384 &
840 1348 880 1385 C.

112 1485 140 1526 f.
165 1486 239 1526 127
261 1486 287 1524 b
306 1492 533 1529 Conceditur
566 1496 611 1530 16
643 1493 861 1531 Decembris
890 1494 1070 1541 magistro
1101 1493 1262 1531 Ricardo
1290 1494 1399 1530 Wills
1431 1494 1574 1530 artium
1606 1495 1787 1541 magistro
1818 1494 1858 1530 in

399 1552 601 1589 academiis
641 1553 844 1590 Oxoniensi
885 1554 1168 1601 Moguntinensi
1209 1559 1248 1590 et
1290 1554 1502 1591 Perusiensi
1540 1557 1583 1590 vt
1623 1555 1674 1591 sit
1715 1555 1778 1591 hic
1818 1554 1857 1590 in

399 1612 554 1650 eiisdem
575 1613 694 1661 gradu
715 1614 796 1650 loco
815 1620 854 1650 et
878 1626 978 1650 anno
999 1613 1102 1661 apud
1121 1626 1188 1650 vos
1208 1613 1347 1662 quibus
1369 1614 1443 1651 fuit
1465 1614 1505 1650 in
1522 1614 1635 1651 dictis
1657 1613 1859 1651 academiis

305 1672 532 1709 Conceditur
556 1675 578 1708 8
600 1673 694 1709 Julii
717 1677 760 1709 vt
783 1674 963 1720 magister
984 1673 1077 1709 Tho.
1102 1673 1241 1721 Byssat
1265 1673 1304 1709 in
1328 1673 1520 1710 academia
1541 1673 1794 1710 Abirdonensi
1818 1673 1858 1710 in

399 1731 546 1768 artibus
570 1732 749 1779 magister
772 1732 825 1768 sit
849 1732 910 1768 hic
934 1731 1035 1779 apud
1060 1743 1127 1768 vos
1151 1732 1192 1768 in
1216 1731 1373 1769 eiisdem
1398 1731 1517 1779 gradu
1542 1731 1671 1768 ordine
1695 1735 1735 1769 et
1758 1743 1858 1769 anno

399 1789 538 1836 quibus
562 1790 635 1826 fuit
659 1790 699 1826 in
723 1789 826 1826 dicta
849 1789 1043 1826 academia
1067 1789 1320 1826 Abirdonensi

305 1847 531 1884 Conceditur
551 1848 681 1885 eodem
703 1851 746 1884 vt
771 1849 941 1895 magistri
964 1848 1138 1885 Clemens
1161 1848 1310 1885 Colmer
1331 1848 1389 1885 J0.
1410 1848 1539 1896 Lylley
1556 1848 1647 1885 Tho.
1673 1849 1797 1896 Drope
1819 1852 1858 1886 et

399 1907 582 1944 Ricardus
608 1908 737 1955 Lewys
759 1908 798 1944 in
821 1908 1013 1945 academia
1035 1908 1238 1945 Oxoniensi
1261 1908 1301 1944 in
1326 1907 1473 1944 artibus
1497 1908 1669 1955 magistri
1693 1908 1772 1945 sint
1796 1909 1858 1946 hic

396 1966 496 2014 apud
522 1978 588 2002 vos
614 1967 653 2003 in
679 1965 834 2003 eiisdem
860 1966 979 2014 gradu
1004 1966 1134 2004 ordine
1158 1969 1198 2003 et
1221 1978 1322 2003 anno
1346 1966 1486 2014 quibus
1510 1967 1664 2004 fuerunt
1691 1967 1732 2004 in
1755 1967 1858 2005 dicta

395 2024 585 2063 academia
611 2024 813 2061 Oxoniensi

301 2083 527 2119 Conceditur
555 2082 683 2120 eodem
711 2088 754 2119 vt
786 2083 966 2131 magister
991 2083 1116 2120 Ohrof.
1145 2084 1332 2131 Gregorye
1358 2083 1650 2120 bacchalaurous
1676 2084 1859 2132 theologie

396 2143 448 2179 sit
480 2142 580 2191 apud
611 2154 679 2179 vos
711 2142 844 2180 iisdem
876 2155 976 2180 anno
1005 2143 1134 2180 ordine
1162 2147 1202 2180 et
1232 2143 1351 2191 gradu
1377 2143 1517 2191 quibus
1550 2147 1608 2180 est
1641 2144 1742 2192 apud
1769 2156 1858 2182 suos

398 2201 627 2238 oxonienses

798 2402 1046 2446 Practicans
1076 2401 1121 2445 in
1153 2401 1369 2445 medicina

301 2527 528 2564 Conoeditur
564 2530 607 2564 10
641 2528 780 2575 Aprilis
813 2528 992 2576 magistro
1019 2528 1083 2566 W⁰
1113 2528 1244 2576 Lakyn
1274 2531 1316 2564 vt
1344 2526 1515 2564 studium
1545 2530 1567 2564 8
1595 2538 1782 2563 annorum
1815 2526 1855 2563 in

396 2586 580 2623 medicina
608 2591 808 2634 lxmtquam
838 2587 974 2624 rexerit
1003 2588 1040 2624 in
1066 2587 1212 2624 artibus
1241 2586 1403 2623 sufficiat
1426 2585 1459 2622 ei
1489 2585 1537 2622 ad
1567 2584 1854 2633 practicandum

397 2646 434 2682 111
459 2645 588 2683 eadem
616 2646 794 2683 facultate
821 2646 875 2682 sic
901 2650 942 2682 vt
971 2646 1052 2683 011111
1078 2645 1244 2693 cognicio
1271 2644 1375 2693 prius
1397 2644 1635 2681 examinetur
1661 2646 1701 2680 et
1725 2655 1858 2691 appro-

398 2703 507 2741 betur
532 2716 597 2753 per
620 2705 808 2743 doctorem
837 2705 987 2754 Lorkyn
1017 2705 1157 2752 regium
1188 2705 1226 2741 in
1254 2716 1298 2741 ea
1327 2703 1507 2741 facultate
1540 2703 1787 2751 professorem
1819 2705 1860 2741 et

398 2775 463 2812 per
477 2775 563 2801 oum
587 2766 823 2812 presentetur
840 2763 1127 2812 procancellario
1145 2764 1183 2800 in
1204 2763 1315 2811 plena
1331 2762 1617 2810 congregacione
1636 2761 1858 2809 Regentium

396 2830 436 2859 ct
454 2834 566 2871 super
583 2822 652 2859 hac
670 2827 794 2860 vestra
815 2822 1052 2860 concessione
1074 2822 1202 2860 literas
1226 2821 1364 2859 habeat
1385 2820 1568 2869 sigillatas
1590 2820 1711 2868 sigillo
1735 2824 1859 2857 vestro

397 2892 587 2919 commum
