2008 3216
139 171 358 227 1565466]

136 284 363 322 Conceditur
378 285 509 322 eodem
527 285 686 323 Ricardo
709 285 856 322 Burton
880 287 923 321 vt
947 287 988 320 11
1013 283 1167 321 termini
1190 294 1277 320 cum
1299 284 1463 320 termino
1485 284 1525 321 in
1547 296 1622 331 quo
1644 284 1684 320 in

718 180 871 212 GRAOE
901 180 1027 212 BOOK
1057 180 1087 211 Δ

229 343 367 391 quibus
383 348 452 382 etc.
470 345 660 382 sufficiant
675 345 710 381 ei
726 344 775 381 ad
792 342 1095 392 respondendum
1111 342 1302 390 questioni

134 401 277 438 Eadem
292 402 414 449 gratia
431 402 647 439 conceditur
662 402 792 439 eodem
811 401 970 438 Ricardo
987 401 1143 448 Younge
1159 403 1199 437 et
1216 400 1349 437 Gwalt.
1371 400 1521 437 Kenion

135 459 361 497 Conceditur
377 473 426 497 xv
445 460 638 498 Februarii
657 460 748 498 Rob.
768 460 892 497 Cooke
909 463 951 497 vt
970 463 1014 496 12
1031 460 1184 496 termini
1201 460 1241 496 in
1257 459 1398 506 quibus
1409 462 1479 496 etc.
1494 459 1684 495 sufficiant

230 521 300 555 etc.

136 576 315 614 Christos.
334 577 492 614 Watson
509 577 639 614 eadem
656 578 778 625 gratia
794 577 1010 614 conceditur
1025 577 1156 614 eodem
1173 579 1212 613 et
1231 575 1389 612 Ricardo
1407 576 1580 612 Fletcher

134 635 362 674 Conceditur
376 635 504 672 eodem
522 635 653 672 eadem
669 637 791 683 gratia
807 648 894 672 cum
911 649 935 672 x
951 636 1126 672 terminis
1145 635 1340 683 Rodolpho
1357 635 1380 671 J
1383 646 1474 671 ones

135 694 363 732 Conceditur
379 699 441 732 22⁰
458 695 651 732 Februarii
669 695 797 732 Jacob.
817 695 954 743 Taylor
966 698 1009 732 vt
1028 698 1071 732 12
1089 695 1241 732 termini
1264 694 1303 731 in
1326 693 1466 741 quibus
1488 697 1557 730 etc.
1583 694 1684 729 suffi-

230 754 332 791 ciant
348 755 382 790 ei
402 755 450 791 ad
468 754 770 802 respondendum
792 754 982 802 questioni

136 812 277 849 Eadem
299 814 421 860 gratia
442 813 661 850 conceditur
683 813 812 850 eodem
839 813 950 849 Fran.
977 813 1134 849 Watson
1159 812 1183 848 J
1186 824 1216 848 o.
1243 812 1391 859 Droope
1415 811 1506 848 Rob.
1536 811 1684 857 Hosego

229 872 287 910 J0.
310 872 530 909 Wolfenden
556 875 596 909 et
619 884 706 909 cum
732 872 766 919 xj
795 871 968 908 terminis
986 871 1083 908 And.
1104 871 1225 918 Lacye
1243 870 1431 907 Willelmo
1450 870 1556 918 Hayt
1574 870 1681 906 Geor.

230 931 401 979 Wenyffe

136 990 362 1028 Conceditur
385 990 515 1027 eodem
537 993 580 1026 vt
604 993 644 1026 11
670 990 822 1026 termini
845 992 915 1026 etc.
939 989 1130 1025 sufficiant
1152 988 1176 1025 J
1179 1000 1210 1025 0.
1237 988 1359 1024 Locke
1383 992 1452 1024 etc.
1471 988 1526 1024 sic
1544 990 1586 1024 vt
1602 988 1685 1023 eius

230 1049 392 1086 eruditio
408 1049 638 1097 approbetur
653 1061 720 1096 per
736 1048 1010 1085 examinatores
1026 1047 1140 1084 huius
1156 1048 1246 1083 anni

136 1109 232 1145 Cum
249 1108 324 1145 hiis
339 1108 686 1145 determinauerunt
703 1120 747 1144 ex
764 1107 917 1154 collegio
936 1107 1050 1153 Regio
1067 1106 1206 1154 quibus
1224 1106 1327 1142 nulla
1345 1105 1466 1153 petita
1483 1108 1541 1141 est
1564 1117 1686 1152 neque

230 1179 403 1204 concessa
421 1170 480 1204 est
495 1166 616 1214 gratia
632 1166 681 1202 ab
697 1166 888 1202 academia
902 1165 994 1202 Rob.
1010 1165 1190 1212 Aldridge
1205 1165 1342 1201 Matth.
1359 1165 1456 1200 Bust
1468 1164 1491 1200 J
1494 1176 1526 1200 ο.
1542 1164 1687 1200 Archei-

233 1226 311 1263 Ric.
342 1226 454 1274 Wyld
480 1226 572 1263 Tho.
600 1226 734 1262 Orams
765 1225 877 1262 Nich.
905 1225 1035 1261 Horne
1059 1225 1116 1261 W.
1149 1223 1353 1260 Brumsted
1379 1223 1471 1259 Tho,
1498 1223 1686 1260 Woodnet

230 1284 368 1323 Baldw.
394 1284 535 1332 Colyns
560 1285 662 1333 Step.
690 1283 846 1322 Wotton
871 1284 929 1321 Jo.
958 1283 1091 1332 Iverye
1115 1282 1146 1320 ἀ
1171 1282 1263 1320 Rob.
1290 1282 1418 1330 Conye

249 2953 284 2981 1..
307 2953 362 2982 1v.

697 1507 815 1551 Ordo
846 1507 1127 1551 Senioritatie

371 1638 550 1685 Aldridge

372 1697 587 1745 Messynger

372 1756 551 1793 Persivall

371 1813 544 1850 Fletcher

373 1871 554 1909 Robertes

371 1931 468 1968 Bust

370 1990 548 2029 Christos.
565 1992 724 2029 Watson

373 2049 490 2087 Hales

371 2108 523 2146 Androe

374 2167 499 2204 Cooke

374 2225 549 2263 Moorton

372 2285 493 2333 Lacye

373 2344 515 2392 Myllen

371 2403 516 2440 Archer

371 2462 531 2510 Smythe

372 2520 512 2558 Freeke

372 2578 485 2615 Allen

372 2637 580 2675 Chambers

373 2695 569 2744 Sterlynge

375 2755 399 2791 J
402 2767 492 2792 ones

374 2813 516 2851 Barker

374 2872 495 2910 Swete

821 1638 1003 1686 Horseley

819 1697 940 1733 Locke

818 1756 953 1805 Wylde

819 1813 1004 1861 Petynger

818 1873 925 1910 Geor.
946 1874 1030 1922 Key

818 1933 964 1970 Burton

818 1991 954 2029 Orams

818 2050 991 2099 Wytfyld

819 2110 926 2158 Ellys

821 2168 995 2216 Goldyng

819 2228 1023 2276 Atkynson

816 2287 979 2324 Dawson

821 2346 984 2395 Kenyon

821 2405 951 2442 Presse

816 2464 1012 2512 Mydleton

818 2522 990 2570 Wyneffe

819 2580 987 2628 Higham

821 2640 1021 2688 Houseago

823 2698 966 2736 Coosen

825 2757 932 2806 Hayt

822 2815 952 2853 Horne

820 2873 969 2922 Trypps

1199 1638 1258 1674 Fr.
1277 1637 1436 1674 Watson

1198 1697 1363 1734 Stallard

1199 1756 1367 1793 Walford

1199 1813 1300 1850 Hart

1195 1873 1220 1910 J
1222 1886 1254 1910 0.
1274 1873 1378 1920 Keye

1199 1932 1423 1980 Maplysden

1197 1991 1396 2028 Bromsted

1198 2050 1387 2087 Woodnet

1196 2109 1335 2158 Taylor

1201 2168 1357 2216 Collyns

1199 2229 1356 2265 Wotten

1200 2288 1334 2336 Iverye

1202 2406 1354 2454 Coonye

1198 2466 1359 2502 Travers
1377 2465 1446 2512 (se)

1203 2523 1399 2570 Bromfyld

1203 2583 1351 2619 Norton

1207 2641 1413 2679 Hamound

1208 2701 1336 2738 Crowe

1208 2760 1383 2797 Denman

1207 2817 1406 2865 Holydaye

1207 2877 1381 2924 Marryat

1542 2947 1590 2986 13

1602 172 1686 213 193
