2008 3216
349 177 434 218 110
932 188 1084 220 GRAcn
1115 189 1241 221 BOOK
1271 189 1302 220 Δ
1678 178 1902 234 [1555-56

347 290 446 326 Item
473 291 692 328 conceditur
717 292 858 328 Joanni
889 292 1072 328 Madocke
1099 296 1142 328 vt
1168 295 1191 329 9
1215 292 1368 328 termini
1396 304 1482 328 cum
1509 293 1670 328 termino
1696 293 1736 328 in
1762 304 1837 339 quo
1864 292 1903 328 in

440 348 580 396 quibus
619 349 798 386 lectiones
838 350 1047 386 ordinarias
1088 350 1236 386 audiuit
1276 350 1366 386 licet
1402 362 1477 386 non
1510 351 1664 387 omnino
1696 350 1902 387 secundm

439 408 600 444 formam
624 409 762 444 statuti
787 420 875 445 cum
897 408 1198 456 oppositionibus
1220 412 1259 445 et
1281 409 1587 456 responsionibus
1610 409 1803 456 requisitis
1825 409 1902 445 suf-

439 467 569 503 ficiant
592 468 626 503 ei
652 467 700 504 ad
725 467 1028 515 respondendum
1053 468 1242 515 questioni

346 526 446 562 Item
471 527 688 564 conceditur
711 527 832 564 eidem
857 528 1039 575 superiori
1063 527 1125 564 die
1148 528 1315 564 admisso
1339 531 1383 564 vt
1407 529 1483 564 iam
1508 528 1747 564 examinatus
1771 531 1811 564 et
1835 540 1900 575 ap-

438 585 620 633 probatus
652 586 700 622 ab
732 587 1012 634 oppositoribus
1035 588 1172 623 vestris
1201 588 1322 634 possit
1349 588 1514 624 finaliter
1537 587 1788 624 determinare
1812 599 1898 624 cum

438 645 572 681 ceteris
596 645 709 681 huius
732 646 823 681 anni
848 645 1128 681 baechalaureis
1181 646 1235 681 sic
1259 645 1360 692 quod
1385 649 1462 682 stet
1487 658 1555 693 per
1581 649 1703 683 totam
1729 647 1898 683 futuram

439 704 763 751 quadragesimam
780 707 819 740 et
836 709 960 740 cetera
976 707 1158 751 peragant
1175 705 1282 741 iuxta
1298 705 1457 740 formam
1475 706 1613 742 statuti

346 762 445 798 Item
467 762 684 799 conceditur
707 763 864 810 Georgio
887 763 1081 810 Asplande
1100 766 1144 799 vt
1165 762 1293 799 decem
1318 764 1472 800 termini
1496 764 1536 800 in
1559 764 1699 811 quibus
1722 764 1900 800 lectiones

439 821 647 858 ordinarias
671 821 820 858 audiuit
844 822 933 858 licet
957 834 1033 858 non
1059 822 1213 858 omnino
1238 822 1446 859 secundum
1468 823 1629 860 formam
1651 823 1788 860 statuti
1812 835 1899 859 cum

438 880 738 928 oppositionibus
762 884 802 918 et
830 881 1137 929 responsionibus
1165 882 1360 928 requisitis
1389 882 1578 919 sufficiant
1606 883 1640 919 ei
1670 882 1718 919 ad
1747 895 1899 930 respon-

438 939 603 976 dendum
627 941 818 987 questioni

177 997 204 1035 f.
227 997 278 1035 43
299 997 324 1034 b
344 999 443 1035 Item
468 999 686 1036 conceditur
709 1000 908 1036 Francisco
934 1000 1144 1047 Dorington
1169 1002 1212 1036 vt
1241 1003 1285 1036 12
1310 1000 1465 1037 termini
1489 1001 1529 1037 in
1554 1000 1694 1048 quibus
1717 1001 1898 1038 lectiones

438 1059 646 1095 ordinarias
669 1059 819 1095 audiuit
842 1059 931 1095 licet
955 1071 1031 1095 non
1056 1060 1209 1095 omnino
1235 1059 1442 1096 secundum
1466 1060 1626 1096 formam
1649 1061 1786 1097 statuti
1809 1072 1896 1097 cum

438 1117 739 1164 oppositionibus
773 1118 967 1165 requisitis
1000 1118 1190 1154 sufficiant
1222 1119 1256 1154 ei
1290 1118 1339 1154 ad
1371 1119 1535 1155 finaliter
1565 1119 1895 1156 determinandum

438 1189 524 1213 cum
551 1178 685 1214 ceteris
710 1178 824 1214 huius
852 1178 943 1213 anni
972 1177 1252 1214 bacchalaureis
1311 1167 1372 1214 S’io
1399 1182 1528 1215 tamen
1556 1182 1597 1215 vt
1625 1179 1706 1215 eius
1733 1179 1896 1216 eruditio

438 1236 674 1272 examinetur
704 1239 745 1272 et
772 1236 1002 1283 approbetur
1027 1248 1094 1284 per
1118 1237 1353 1284 oppositores
1379 1237 1492 1274 huius
1518 1238 1608 1274 anni
1636 1241 1676 1274 et
1701 1240 1778 1274 stet
1806 1250 1893 1274 cum

437 1295 572 1331 ceteris
599 1295 862 1341 questionistis
894 1296 933 1332 in
968 1296 1037 1332 hac
1065 1296 1352 1344 quadragesima
1380 1300 1420 1334 et
1448 1300 1572 1334 cetera
1603 1301 1758 1345 peragat
1788 1298 1896 1335 iuxta

437 1355 596 1390 formam
620 1358 852 1391 statutorum

343 1414 485 1450 Eadem
517 1415 638 1461 gratia
670 1414 716 1450 de
745 1413 859 1451 verbo
892 1415 932 1451 in
965 1414 1122 1452 verbum
1155 1415 1374 1452 conceditur
1401 1415 1590 1452 Willelmo
1621 1416 1823 1464 Atkynsou
1857 1419 1896 1453 et

435 1472 603 1510 Johanni
631 1474 746 1520 Pryce
1266 1521 1274 1528 ο

342 1532 442 1568 Item
468 1531 686 1568 conceditur
716 1532 869 1579 Hugoni
898 1532 1003 1569 Hillo
1029 1536 1072 1569 vt
1101 1536 1144 1569 12
1172 1533 1326 1569 termini
1353 1533 1529 1581 completi
1555 1545 1642 1570 cum
1669 1530 1831 1570 termino
1857 1534 1895 1571 in

435 1603 511 1637 quo
536 1591 575 1627 in
600 1590 740 1638 quibus
764 1590 944 1627 lectiones
973 1591 1183 1628 ordinarias
1211 1592 1360 1628 audiuit
1386 1604 1453 1640 per
1478 1593 1656 1629 maiorem
1683 1597 1830 1641 partem
1857 1594 1897 1630 in

435 1652 516 1687 toto
556 1662 643 1686 cum
680 1650 982 1698 oppositionibus
1013 1654 1053 1688 et
1085 1651 1393 1699 responsionibus
1426 1652 1532 1688 iuxta
1563 1653 1723 1689 formam
1757 1653 1895 1689 statuti

434 1710 627 1758 requisitis
650 1711 839 1747 sufficiant
862 1711 897 1747 ei
921 1711 969 1748 ad
995 1711 1296 1758 respondendum
1320 1712 1510 1759 questioni

341 1768 439 1805 Item
456 1769 674 1806 conceditur
696 1770 839 1806 Thome
862 1770 991 1818 Bynge
1007 1774 1050 1807 vt
1069 1774 1113 1807 12
1130 1771 1284 1807 termini
1302 1771 1480 1818 completi
1503 1771 1543 1807 in
1560 1770 1700 1818 quibus
1716 1771 1896 1808 lectiones

434 1827 642 1864 ordinarias
664 1828 812 1865 audiuit
835 1829 924 1865 licet
948 1841 1023 1866 non
1049 1830 1202 1866 omnino
1227 1829 1435 1866 seeundum
1460 1830 1621 1866 formam
1645 1830 1781 1867 statuti
1807 1843 1893 1867 cum

434 1886 733 1934 oppositionibus
761 1889 801 1923 et
829 1886 1137 1935 responsionibus
1166 1887 1360 1935 requisitis
1388 1888 1577 1924 sufficiant
1605 1888 1639 1924 ei
1665 1888 1713 1925 ad
1742 1900 1893 1936 respon-

433 1945 599 1982 dendum
623 1946 814 1994 questioni

341 2005 440 2042 Item
469 2005 687 2042 conceditur
717 2005 882 2042 Roberto
912 2006 1018 2042 Kent
1044 2009 1087 2042 vt
1113 2008 1137 2043 9
1163 2006 1316 2043 termini
1345 2018 1432 2042 cum
1463 2006 1625 2043 termino
1654 2007 1693 2043 in
1722 2018 1797 2053 quo
1821 2006 1895 2056 [in]

434 2064 574 2112 quibus
586 2065 765 2102 lectiones
777 2064 988 2102 ordinarias
1000 2065 1150 2102 audiuit
1162 2066 1252 2102 licet
1265 2077 1339 2102 non
1353 2066 1508 2102 omnino
1517 2065 1723 2102 secundum
1735 2066 1893 2102 formam

435 2124 572 2160 statuti
597 2135 683 2160 cum
708 2124 1010 2172 oppositionibus
1035 2128 1074 2161 et
1099 2123 1406 2172 responsionibus
1430 2124 1623 2172 requisitis
1646 2124 1835 2161 sufficiant
1858 2125 1892 2161 ei

434 2183 482 2220 ad
507 2183 810 2231 respondendum
835 2183 1024 2231 questioni

342 2243 663 2280 Determinatores
695 2242 848 2290 Collegii
887 2242 1036 2290 Regalis
1072 2242 1143 2279 hac
1175 2242 1462 2290 quadragesima
1495 2242 1633 2290 quibus
1669 2243 1774 2280 nulla
1807 2255 1892 2280 con-

434 2314 538 2339 cessa
563 2314 684 2349 neque
709 2302 830 2349 petita
853 2303 913 2338 est
935 2302 1059 2349 gmcia
1083 2304 1175 2339 sunt
1202 2302 1368 2339 Thomas
1396 2303 1514 2339 Ruste
1542 2301 1729 2339 Robertus
1756 2303 1893 2351 Serope

438 2359 647 2397 Richardus
670 2359 793 2396 Dixon
818 2358 1028 2396 Richardus
1045 2359 1190 2397 Adams
1213 2360 1391 2397 Matheus
1414 2360 1582 2398 Sadocke
1604 2361 1737 2398 Petrus
1759 2361 1892 2410 Playce

437 2419 647 2456 willelmus
689 2419 896 2467 Howgrave
937 2418 1145 2456 Edwardus
1186 2419 1388 2468 Bagsbawe
1430 2420 1634 2457 Nicholaus
1670 2420 1821 2468 Sturley
1853 2424 1893 2457 et

436 2478 647 2515 willelmus
670 2478 841 2515 Johnson

342 2538 438 2576 Item
463 2537 681 2575 conceditur
704 2537 825 2575 eidem
854 2537 1008 2575 domino
1036 2538 1058 2574 J
1063 2550 1180 2575 onson
1215 2550 1335 2586 nuper
1365 2538 1467 2575 socio
1496 2538 1639 2585 collegii
1676 2538 1824 2585 Regalis
1852 2541 1892 2575 et

433 2598 599 2635 admisso
621 2596 668 2634 ad
693 2597 994 2645 respondendum
1019 2597 1208 2646 questioni
1234 2609 1334 2634 anno
1362 2597 1543 2645 superiori
1570 2602 1612 2634 vt
1639 2597 1803 2634 finaliter
1830 2597 1892 2634 de-

435 2656 638 2694 terminare
662 2657 782 2704 possit
806 2668 893 2693 cum
918 2657 1054 2693 ceteris
1080 2656 1192 2693 huius
1216 2656 1306 2693 anni
1332 2654 1610 2693 bacchalaureis

343 2716 438 2752 Itmn
464 2715 683 2753 conceditur
705 2716 845 2753 Joanni
876 2716 1017 2753 Newell
1044 2721 1086 2753 vt
1117 2718 1160 2752 12
1187 2715 1340 2753 termini
1365 2715 1405 2752 in
1430 2713 1570 2763 quibus
1594 2715 1773 2752 lectiones
1797 2714 1894 2751 ordi—

434 2775 559 2811 narias
580 2773 731 2811 audiuit
752 2774 841 2811 licet
864 2786 938 2811 non
962 2774 1116 2811 omnino
1138 2773 1346 2811 secundum
1369 2773 1528 2811 formam
1550 2773 1685 2810 statuti
1703 2773 1894 2810 sufficiant

431 2835 465 2871 oi
481 2834 529 2871 ad
548 2833 849 2882 reqmndondum
867 2834 1056 2882 questioni
