2008 3294
351 189 438 231 322
937 199 1089 230 GRAGE
1118 198 1243 229 BOOK
1274 198 1304 229 Δ
1683 185 1904 243 [1578-79

352 302 495 339 Eadem
519 303 642 350 gratia
666 302 885 338 conceditur
906 305 953 339 30
972 302 996 338 J
999 302 1145 339 anuarii
1170 302 1350 350 magistro
1374 302 1465 338 Tho.
1491 302 1646 338 Browne
1710 305 1749 338 30
1765 301 1907 349 Aprilis

447 362 628 409 magistro
660 361 725 397 W⁰
757 361 1010 408 Goldingham
1082 365 1104 397 8
1138 361 1230 397 Maii
1263 361 1443 409 magistro
1475 361 1568 397 Tho.
1603 360 1834 408 Skevington
1866 362 1907 396 et

448 423 487 456 30
510 421 534 457 J
537 421 604 456 ulii
628 420 809 466 magistro
835 421 994 457 Ricardo
1019 420 1251 467 Bridgwater

353 480 581 517 Conceditur
599 482 643 515 10
659 479 683 515 J
686 479 766 515 unii
784 479 964 526 magistro
980 480 1004 515 J
1007 479 1148 515 ohanni
1167 480 1278 516 Hone
1290 483 1334 515 vt
1349 479 1517 526 quinque
1533 490 1719 515 annorum
1735 478 1905 515 studium

448 540 486 575 in
513 539 593 574 iure
617 538 718 574 civili
743 542 829 584 post
856 538 1014 584 gradum
1038 538 1364 574 bacchalauriatus
1390 538 1430 574 in
1459 537 1589 574 eadem
1617 538 1797 574 facultate
1825 549 1904 574 sus-

447 602 599 645 ceptum
631 609 719 633 cum
751 597 1052 644 opposicionibus
1085 597 1390 645 responsionibus
1423 597 1582 645 aliisque
1614 597 1802 634 exercitiis
1839 608 1906 644 per

447 657 548 704 regia
572 659 720 692 statuta
742 656 935 703 requisitis
959 657 1122 693 sufficiat
1146 656 1180 693 ei
1205 657 1253 693 ad
1278 657 1534 704 incipiendum
1558 657 1598 693 in
1622 656 1752 692 eodem
1777 655 1857 692 iure

844 901 962 945 Ordo
991 901 1257 944 senioritatis
1287 915 1423 957 mar-9.

454 1039 509 1074 M‘
524 1038 564 1074 dr
580 1038 674 1074 Yale
926 1038 982 1073 Μ’
997 1038 1032 1075 d.
1054 1039 1209 1074 Browne
1448 1038 1503 1073 Μπ
1519 1036 1559 1073 ὼ·
1575 1035 1825 1082 Goldingham

454 1097 510 1133 Μ’
524 1096 560 1133 d.
578 1096 809 1144 Bridgwater
927 1097 983 1132 Μ’Γ
998 1097 1034 1135 d.
1053 1097 1285 1144 Skevington
1447 1096 1504 1132 Mx-
1518 1094 1553 1132 d.
1574 1094 1684 1131 Hone

817 1333 1126 1377 Bacchalaurei
1157 1333 1204 1376 in
1236 1331 1456 1388 theologia

359 1472 586 1508 Conceditur
609 1475 648 1508 30
670 1473 843 1509 Januarii
867 1472 1048 1519 magistro
1074 1471 1177 1510 Edw.
1203 1471 1326 1508 Grant
1350 1473 1393 1507 vt
1416 1470 1586 1507 studium
1612 1472 1633 1508 7
1657 1480 1842 1506 annorum
1869 1468 1908 1504 in

453 1531 640 1578 theologia
664 1535 866 1579 postquam
891 1532 1028 1568 rexerit
1054 1531 1093 1567 in
1118 1530 1264 1567 artibus
1288 1542 1376 1567 cum
1399 1542 1474 1566 vno
1498 1541 1670 1566 sermone
1693 1528 1741 1565 ad
1767 1528 1908 1564 clerum

453 1595 492 1627 et
515 1591 634 1627 altero
652 1591 700 1628 ad
722 1592 904 1639 populum
927 1592 966 1628 in
986 1591 1176 1628 academie
1197 1590 1353 1627 ecclesia
1377 1590 1540 1627 sufficiat
1564 1589 1598 1626 ei
1623 1592 1703 1626 tam
1725 1588 1773 1625 ad
1795 1599 1907 1635 oppo-

453 1651 619 1687 nendum
636 1663 750 1699 quam
767 1651 816 1688 ad
833 1652 1053 1688 intrandum
1070 1652 1110 1687 in
1127 1663 1233 1687 sacra
1249 1650 1436 1697 theologia

359 1709 499 1746 Eadem
516 1710 638 1757 gratia
654 1710 872 1747 conceditur
889 1714 933 1747 12
950 1712 973 1748 J
978 1711 1058 1747 unii
1076 1711 1255 1758 magistro
1271 1709 1460 1746 Willelmo
1477 1708 1636 1756 Smythe

357 1769 586 1805 Conceditur
607 1772 654 1806 30
675 1770 848 1807 Januarii
871 1771 1052 1818 magistro
1071 1770 1095 1806 J
1097 1770 1238 1806 ohanni
1260 1768 1410 1806 Duffeld
1432 1773 1475 1805 vt
1494 1767 1664 1804 studium
1683 1770 1703 1805 7
1724 1778 1909 1803 annorum

453 1829 491 1864 in
525 1829 712 1877 theologia
745 1834 947 1878 postquam
980 1830 1118 1867 rexerit
1151 1830 1191 1866 in
1223 1829 1370 1866 artibus
1402 1840 1487 1864 cum
1521 1826 1822 1875 opposicionibus
1853 1838 1908 1862 re-

452 1889 717 1935 sponsionibus
754 1890 990 1926 sermonibus
1022 1894 1062 1926 et
1094 1890 1179 1926 aliis
1211 1888 1397 1926 exercitiis
1435 1899 1502 1935 per
1533 1889 1680 1923 statuta
1717 1885 1909 1932 requisitis

452 1949 614 1985 sufficiat
626 1949 659 1985 ci
677 1953 757 1985 tam
774 1949 822 1986 ad
839 1949 1105 1997 opponendum
1118 1961 1234 1996 quam
1247 1947 1295 1984 ad
1313 1946 1533 1984 intrandum
1551 1946 1589 1982 in
1603 1957 1708 1982 sacra
1723 1945 1909 1992 theologia

359 2006 500 2042 Eadem
526 2008 648 2054 gratia
672 2007 890 2045 conceditur
914 2011 953 2044 30
980 2008 1122 2056 Aprilis
1146 2008 1327 2055 magistro
1354 2007 1409 2044 W.
1434 2004 1552 2054 [Joh.]
1578 2005 1705 2041 Ireton
1731 2005 1909 2052 magistro

454 2066 545 2102 Tho.
567 2066 752 2103 Patenson
802 2071 841 2103 80
857 2068 1001 2116 Aprilis
1018 2068 1198 2115 magistro
1216 2066 1374 2104 Ricardo
1391 2066 1508 2103 Jones
1558 2068 1602 2102 16
1621 2065 1712 2101 Maii
1730 2065 1908 2112 magistro

453 2124 595 2161 Jacobo
625 2125 716 2172 Hyll
749 2125 806 2163 Jo.
839 2126 1005 2163 Fawcett
1035 2127 1132 2165 Heu.
1163 2126 1291 2163 Goade
1356 2128 1402 2163 29
1432 2124 1523 2161 Maii
1551 2124 1731 2171 magistro
1759 2124 1908 2161 Olivero

456 2182 599 2231 Philips
646 2186 685 2220 3⁰
696 2183 720 2220 J
724 2184 790 2220 ulii
809 2185 988 2232 magistro
1004 2185 1061 2222 Jo.
1083 2185 1287 2232 Furmerye
1335 2187 1380 2222 27
1394 2184 1417 2221 J
1421 2184 1501 2220 unii
1519 2183 1700 2230 magistro
1713 2183 1908 2220 Osmundo

454 2241 575 2279 Lakes
592 2241 688 2279 Hen.
709 2242 836 2291 Hayes
853 2243 916 2279 W⁰
935 2244 1089 2281 Henson
1107 2247 1146 2281 et
1163 2247 1201 2281 30
1217 2244 1240 2280 J
1244 2243 1311 2280 ulii
1329 2242 1508 2290 magistro
1525 2241 1629 2279 Alex.
1649 2240 1803 2278 Bounde

846 2531 964 2576 Ordo
994 2530 1259 2575 senioritatis
1289 2544 1422 2587 marq.

500 2664 554 2701 M*
572 2663 700 2711 nayos
973 2663 1027 2700 Μτ
1046 2663 1194 2701 Duffcld
1494 2661 1549 2698 Μ’
1564 2661 1587 2698 J
1591 2672 1681 2697 ones

501 2723 555 2759 M*
571 2721 707 2770 Smyth
973 2722 1028 2758 M*
1047 2721 1126 2759 Hill
1493 2718 1549 2756 Mr
1567 2718 1710 2766 Philips

502 2782 556 2818 Μ’
574 2780 692 2818 Βαῐιοε
972 2780 1027 2818 M*
1043 2780 1170 2818 Gnade
1496 2778 1550 2815 M*
1570 2778 1756 2814 Patenson

500 2840 554 2877 M*
570 2840 692 2878 Orant
975 2839 1030 2876 Mr
1049 2838 1228 2887 Furmery
1490 2837 1544 2874 M*
1564 2836 1691 2874 Ireton

500 2898 554 2935 Μ’
570 2898 717 2935 Fawcet
971 2897 1025 2934 Μ*
1043 2897 1174 2934 Bound
1490 2895 1544 2932 M*
1562 2894 1716 2932 Henson
