2008 3216
122 155 343 211 1555-56]
693 152 846 197 omos
877 163 1001 195 BOOK
1033 164 1062 195 Δ
1585 153 1666 193 111

121 270 220 308 Item
251 270 471 307 conceditur
499 270 658 317 Geor-gio
691 269 886 306 Burdman
918 268 1116 306 duodecim
1149 267 1287 304 abhinc
1319 267 1429 302 annis
1457 266 1496 302 in
1525 265 1672 302 artibus

213 329 447 366 baochalario
471 330 628 367 Oxoniis
650 333 693 366 vt
715 330 768 366 sit
790 329 852 366 hic
873 328 974 377 apud
998 340 1065 364 vos
1089 328 1129 364 in
1153 327 1284 364 eodem
1309 326 1427 374 gradu
1449 337 1524 373 quo
1548 325 1672 362 fuerat

215 388 357 426 ibidem

180 608 405 652 Numerus
435 608 846 651 bacchalaureorum
877 607 923 650 in
954 607 1125 650 artibus
1158 606 1283 650 iuxta
1315 605 1612 649 senioritatem

277 691 436 734 Pulton
469 695 572 734 actu
603 689 942 734 bacchalaureus
972 694 1078 732 ante
1109 687 1522 732 determinacionem

346 813 544 850 ¹Bowhom
799 814 1001 861 Atkynson
1206 813 1340 860 Playce

362 873 502 909 Parker
798 873 961 909 Munson
1203 871 1351 909 Sadock

359 932 573 970 Sherbrook
794 933 914 970 Wood
1203 933 1411 979 Howgrave

360 992 450 1029 Hau
794 993 1010 1030 Chatborne
1204 992 1320 1040 Pryce

360 1052 497 1088 Hawes
794 1052 936 1089 Newell
1202 1052 1424 1099 Doryngton

359 1110 483 1158 Byrde
794 1112 922 1147 Evans
1203 1111 1339 1158 Tayler

360 1170 498 1206 Rames
796 1172 925 1219 Bynge
1202 1170 1443 1218 Bawtersbye

359 1229 567 1266 Shacklock
798 1231 959 1278 Scroope
1205 1230 1309 1266 Kent

361 1287 460 1324 Rust
799 1289 955 1325 Yarowe
1204 1288 1358 1324 Walker

361 1346 452 1394 Hyll
797 1348 932 1395 Dyxon
1205 1348 1408 1395 Bagshawe

359 1406 551 1454 Asplande
797 1407 943 1443 Adams
1204 1407 1356 1455 Sturley

359 1465 537 1512 Shelytoo
799 1466 980 1503 Madocke
1201 1467 1371 1503 Johnson

360 1523 514 1571 Otwaye
1271 1527 1318 1563 37

660 1750 858 1807 Magistri
890 1750 934 1792 in
966 1750 1138 1793 artibus
1695 1772 1719 1811 f·
1745 1773 1796 1811 44
1816 1785 1841 1809 a

125 1878 171 1914 In
193 1878 326 1926 primis
348 1878 566 1914 conceditur
587 1877 741 1914 domino
766 1877 897 1925 Lakyn
916 1881 957 1913 vt
979 1890 1115 1914 novem
1139 1880 1290 1916 termini
1315 1883 1400 1927 post
1422 1881 1571 1917 finalem
1594 1882 1676 1918 eius

217 1936 569 1973 determinationem
603 1937 642 1972 in
675 1935 814 1983 quibus
847 1936 1026 1972 lectiones
1059 1937 1268 1974 ordinarias
1300 1938 1448 1975 audiuit
1481 1940 1568 1976 licet
1600 1952 1675 1976 non

218 1995 372 2032 omnino
395 1995 603 2032 secundum
630 1996 789 2031 formam
815 1996 954 2032 statuti
981 2008 1067 2032 cum
1094 1996 1218 2032 tribus
1244 1997 1550 2044 responsionibus
1575 1999 1675 2034 suffi-

218 2053 322 2090 ciant
337 2054 371 2090 ei
388 2053 437 2090 ad
454 2053 736 2101 incipiendum
727 2065 766 2089 1n
784 2053 930 2089 artibus

124 2112 266 2149 Eadem
293 2113 415 2160 gratia
442 2112 490 2149 de
515 2112 631 2149 verbo
655 2113 694 2148 in
722 2112 879 2149 verbum
901 2113 1121 2150 conceditur
1144 2114 1309 2181 dominis
1332 2116 1468 2152 Cui-tes
1494 2116 1676 2164 Harteley

218 2172 418 2209 Armested
445 2172 585 2208 Pachet
608 2175 648 2208 et
674 2172 920 2218 Longworthe

124 2232 223 2268 Item
251 2230 470 2268 conceditur
496 2230 649 2267 domino
680 2231 873 2267 Burdman
900 2234 942 2268 vt
970 2234 1049 2268 tres
1078 2233 1232 2268 termini
1261 2233 1332 2270 hac
1362 2235 1401 2270 in
1429 2235 1678 2271 vniuersitate

218 2290 258 2326 in
284 2289 423 2337 quibus
452 2290 633 2326 lectiones
661 2290 871 2326 ordinarias
897 2290 1046 2327 audiuit
1073 2291 1161 2328 licet
1187 2304 1262 2328 non
1290 2292 1445 2329 omnino
1471 2294 1677 2330 secundum

219 2350 378 2387 formam
407 2350 545 2386 statuti
575 2362 662 2387 cum
691 2350 815 2387 tribus
843 2351 1152 2398 responsionibus
1184 2353 1375 2390 sufficiant
1404 2354 1438 2390 ei
1467 2355 1515 2390 ad
1545 2355 1678 2402 incipi-

219 2409 360 2446 endum
385 2409 425 2444 in
450 2409 598 2445 artibus

125 2468 225 2504 Item
251 2467 468 2504 conceditur
492 2467 646 2504 domino
673 2469 840 2516 Spryght
865 2473 908 2505 vt
934 2471 957 2506 9
981 2470 1135 2506 termini
1164 2475 1251 2518 post
1277 2471 1427 2508 finalem
1452 2473 1533 2508 eius
1557 2472 1678 2508 deter-

219 2526 469 2563 minacionem
492 2526 532 2562 in
552 2527 692 2574 quibus
714 2528 894 2565 lectiones
915 2529 1126 2566 ordinarias
1147 2529 1296 2566 audiuit
1319 2531 1407 2567 licet
1428 2544 1503 2567 non
1525 2533 1678 2568 omnino

218 2585 424 2622 secundum
449 2586 610 2623 formam
634 2588 772 2624 statuti
797 2600 884 2625 cum
909 2588 1033 2626 tribus
1058 2590 1366 2637 responsionibus
1393 2591 1582 2627 sufficiant
1605 2591 1678 2628 sibi

219 2646 267 2683 ad
283 2646 542 2693 incipiendum
559 2647 598 2683 in
617 2648 765 2684 artibus

125 2704 268 2742 Eadem
296 2705 418 2752 gratia
444 2705 490 2741 de
516 2705 631 2742 verbo
659 2706 700 2742 in
727 2706 884 2743 verbum
911 2707 1129 2744 conceditur
1154 2708 1318 2745 dominis
1343 2706 1522 2746 Abethell
1549 2710 1681 2746 Foster

221 2764 401 2800 Phithian
418 2764 577 2800 Watson
594 2768 634 2801 et
651 2765 784 2801 Barett
1650 2758 1653 2762 ¹

213 2879 225 2901 ¹
249 2879 361 2914 These
377 2891 500 2914 names
516 2892 574 2914 are
589 2881 757 2923 arranged
773 2882 810 2914 in
827 2892 893 2915 one
908 2883 1049 2916 column
1066 2884 1170 2926 along
1186 2885 1244 2918 the
1261 2885 1395 2919 bottom
1411 2886 1449 2918 of
1463 2886 1487 2918 f.
1504 2886 1547 2919 43
1560 2896 1592 2920 a.
