2008 3216
177 128 394 183 1563-64]

749 139 902 171 GRAcE
931 139 1057 171 BOOK
1087 139 1118 170 Δ

1639 127 1724 170 173

178 240 291 277 Mem.
319 241 420 288 quod
445 242 566 289 Georg
590 241 746 278 Barwell
771 253 847 278 non
871 244 932 278 est
955 242 1204 288 inauguratus
1231 253 1307 278 non
1334 242 1574 278 examinatus
1603 253 1726 288 neque

271 300 460 347 responsit
475 300 665 348 questioni
682 312 750 336 nec
762 300 937 337 interfuit
947 300 1010 337 die
1021 300 1191 337 cinerum
1204 300 1303 336 vnde
1315 300 1499 336 forisfecit
1511 301 1725 336 cautionem

271 371 379 395 suam
396 359 539 396 scilicet
555 359 618 406 xiij
631 371 650 396 s
666 359 719 406 iiij
735 359 760 396 d

179 418 407 454 Conceditur
438 421 480 454 15
509 419 638 455 Martii
669 419 761 455 Tho.
795 419 947 455 Deuton
975 422 1019 455 vt
1050 422 1093 455 12
1124 419 1276 455 termini
1303 419 1346 469 in
1375 418 1514 466 quibus
1547 419 1726 454 lectiones

270 477 478 513 ordinarias
500 477 649 514 audiuit
670 477 758 514 licet
779 489 855 514 non
877 477 1031 514 omnino
1055 477 1263 514 secundum
1287 478 1448 514 formam
1472 478 1611 513 statuti
1636 489 1723 513 cum

270 536 570 583 oppositionibus
602 535 908 583 responsionibus
936 539 976 572 et
1001 536 1086 572 aliis
1112 536 1300 572 exercitiis
1332 548 1399 583 per
1433 536 1547 582 Regia
1581 539 1727 572 statuta.

271 595 463 642 requisitis
479 595 668 631 sufficiant
689 596 724 631 ei
746 594 794 631 ad
817 595 1120 642 respondendum
1143 595 1334 643 questioni
1357 599 1398 631 et
1419 596 1583 631 finaliter
1604 595 1726 632 deter-

271 654 493 691 minandum
510 667 596 691 cum
613 654 768 702 reliquis
785 655 1046 701 questionistis
1063 655 1117 691 sic
1134 658 1176 691 vt
1192 655 1274 691 eius
1289 654 1452 691 eruditio
1470 654 1574 702 prius
1590 655 1727 690 exami-

271 717 384 750 netur
407 717 446 750 et
470 713 699 762 approbetur
723 726 790 761 per
814 715 1089 751 examinatores
1114 715 1228 750 huius
1253 715 1343 750 anni
1371 718 1411 750 et
1435 717 1513 750 stet
1540 714 1727 761 reliquum

271 772 554 820 quadragesime
570 784 657 808 cum
674 772 808 808 ceteris
824 772 1087 819 questionistis
1105 773 1218 809 huius
1234 773 1324 808 anni

178 831 317 868 Eodem
343 831 473 867 effliem
497 831 619 878 gratia
642 830 862 868 conceditur
887 831 1091 867 Percivallo
1119 830 1354 868 Kirkebread
1404 831 1454 867 Et
1476 843 1562 867 cum
1588 834 1629 867 ll
1655 835 1727 868 ter-

272 890 386 926 minis
403 889 459 926 W.
482 889 646 937 Spencer

247 1378 433 1415 Dominus
450 1378 587 1416 Warde

248 1438 284 1475 d.
303 1438 432 1475 Bonde

248 1497 282 1534 d.
302 1497 427 1544 Byllet

249 1555 284 1592 d.
304 1556 422 1593 Hales

251 1615 286 1652 d.
307 1616 464 1652 Watson

251 1673 287 1710 d.
307 1674 453 1710 Leache

252 1732 287 1769 d.
307 1733 426 1770 Flude

248 1791 283 1829 d.
302 1792 435 1828 Shawe

250 1851 285 1888 d.
305 1851 461 1887 Shaftoe

251 1909 287 1947 d.
307 1910 435 1947 Revell

250 1968 285 2005 d.
305 1968 555 2006 Sickelmoore

251 2027 287 2065 d.
307 2028 454 2075 Kempe

250 2087 285 2124 d.
304 2086 530 2123 Ackworthe

252 2145 287 2182 d.
306 2145 441 2192 Nynge

250 2203 286 2241 d.
306 2203 478 2251 Aylande

251 2262 286 2299 d.
306 2262 479 2300 Ludham

251 2321 287 2359 d.
305 2322 508 2369 wyseman

251 2381 288 2419 d.
307 2381 493 2418 Ohalenor

253 2439 288 2477 d.
308 2440 499 2477 Grenham

253 2499 288 2536 d.
308 2499 487 2536 Hannam

257 2557 291 2594 d.
311 2558 456 2606 Maplet

256 2616 292 2654 d.
311 2617 500 2654 Goodlade

253 2675 288 2711 d.
309 2675 403 2712 Yale

253 2733 290 2770 d.
309 2734 444 2782 Smyth
463 2735 636 2781 (Christi)

750 1237 868 1280 Ordo
898 1237 1166 1280 senioritatis

814 1378 849 1416 d.
869 1379 1041 1415 Hanmer

815 1438 851 1475 d.
871 1438 1026 1475 marche

814 1498 850 1535 d.
870 1498 1053 1535 Robertes

815 1557 851 1595 d.
870 1558 1003 1594 Amise

815 1616 850 1653 d.
871 1617 963 1664 Hyll

818 1675 853 1712 d.
876 1675 1012 1711 Ranew

815 1734 851 1771 d.
872 1734 1022 1782 Rayner

814 1792 849 1829 d.
870 1793 1011 1829 Faucet

816 1852 851 1888 d.
870 1852 893 1888 J
897 1864 966 1900 oye

815 1912 851 1949 d.
872 1912 1009 1948 Rames

817 1971 851 2006 d.
873 1970 1028 2006 Proctor

816 2029 851 2067 d.
871 2029 1035 2076 Copleye

815 2089 853 2126 d.
868 2089 892 2125 J
895 2100 964 2136 aye

816 2147 852 2184 d.
871 2147 970 2183 Sone

814 2205 850 2242 d.
870 2206 1027 2253 Depupe

759 2311 763 2316 1
817 2265 852 2302 d.
873 2265 1099 2311 Lewgherne

817 2324 853 2361 d.
874 2324 1029 2360 Browne

815 2383 851 2421 d.
872 2384 1005 2420 Μῆδοι]

817 2442 853 2480 d.
873 2441 1014 2478 Barber

819 2501 854 2538 d.
874 2501 1102 2538 Christofers

818 2560 854 2596 d.
875 2560 959 2607 Key

819 2619 854 2655 d.
874 2619 1159 2667 Wayshyngton

820 2677 854 2713 d.
875 2677 1013 2724 Blythe

820 2736 854 2772 d.
875 2736 1022 2783 Drurye

1309 1378 1346 1416 d.
1369 1378 1547 1416 Thornell

1310 1438 1346 1475 d.
1365 1439 1541 1475 Galasius

1312 1498 1348 1535 d.
1366 1499 1573 1534 Avenaunt

1311 1558 1346 1595 d.
1371 1558 1534 1594 Hounde

1311 1617 1346 1653 d.
1373 1617 1459 1654 Sole

1313 1676 1350 1712 d.
1373 1676 1577 1712 Hartewell

1310 1734 1346 1771 d.
1362 1734 1511 1782 wyllan
1523 1734 1731 1783 [Wolland]

1309 1794 1344 1830 d.
1364 1794 1562 1841 Laughtun

1313 1852 1349 1890 d.
1370 1853 1518 1900 Pawley

1314 1912 1350 1949 d.
1370 1913 1543 1949 Thacker

1311 1971 1346 2008 d.
1367 1971 1484 2007 Leace
1501 1971 1646 2020 [Lesse]

1312 2030 1348 2066 d.
1369 2031 1531 2078 Howlyn

1312 2089 1348 2126 d.
1370 2090 1507 2138 Smyth
1524 2091 1619 2137 (Tr.)

1313 2147 1349 2184 d.
1372 2148 1544 2196 Nudigat

1312 2205 1349 2243 d.
1371 2206 1523 2243 welche

1312 2265 1347 2302 d.
1367 2265 1563 2313 Colpottes

1313 2325 1349 2362 d.
1369 2325 1503 2362 Gallon

1312 2384 1347 2421 d.
1366 2385 1531 2432 Spencer

1313 2443 1348 2480 d.
1369 2444 1501 2480 Shawe

1315 2502 1350 2538 d.
1370 2503 1499 2539 Nicols

1313 2561 1350 2598 d.
1373 2562 1520 2609 Bignall

1314 2620 1350 2656 d.
1370 2621 1616 2668 Kyrkebread

1313 2678 1347 2715 d.
1368 2679 1518 2715 Denton
