2008 3294
147 163 368 221 1'580-81]
728 170 880 206 esaon
910 170 1035 204 soox
1065 171 1095 203 Δ
1606 158 1691 200 343

149 279 261 316 Mem.
279 279 379 327 quod
403 279 573 326 magistri
596 277 782 314 Bendishe
804 279 844 312 et
867 275 1023 312 Mascall
1042 285 1117 310 non
1138 274 1359 321 inceperunt
1375 272 1567 308 solennem
1583 283 1691 308 suam
1733 280 1735 282 ·

243 339 441 374 lectionem
467 338 557 385 quia
582 337 759 374 dominus
787 334 1100 383 procancellarius
1124 344 1238 380 super
1264 332 1450 379 peticione
1476 335 1515 368 et
1541 331 1692 378 querela

242 397 479 444 quorundam
494 397 691 433 doctorum
707 396 747 432 in
764 395 829 431 illa
845 393 1025 430 facultate
1041 392 1290 429 iudicantium
1307 390 1456 427 eosdem
1474 390 1600 427 minus
1616 390 1691 426 suf-

242 457 409 492 ficientes
431 455 596 492 decrevit
617 459 660 491 vt
681 455 777 491 alter
797 465 926 490 eorum
950 452 1235 488 concionaretur
1254 450 1303 486 ad
1327 449 1468 486 clerum
1491 450 1612 496 primo
1631 449 1693 485 die

243 515 402 552 Veneris
424 515 610 551 adventus
632 516 671 550 et
693 513 790 549 alter
810 511 985 548 similiter
1005 510 1127 558 primo
1146 510 1207 545 die
1223 509 1506 556 quadragesime
1526 509 1694 556 proxime

242 575 369 611 future
384 579 424 611 et
439 575 472 610 si
489 577 580 611 tunc
597 585 663 621 per
680 572 866 620 predictos
881 571 1052 608 doctores
1067 569 1365 617 approbarentur
1381 571 1473 605 tunc
1489 568 1694 604 solenniter

241 636 281 670 et
297 634 403 670 iuxta
419 637 608 670 statutum
626 634 834 680 inciperent
849 635 909 667 etc

568 948 777 992 Doctores
806 948 852 991 in
883 948 1035 991 eadem
1066 947 1276 991 facultate

148 1074 374 1112 Conceditur
402 1077 441 1112 7⁰
466 1074 692 1110 Novembris
718 1074 899 1121 magistro
929 1073 1088 1110 Ricardo
1117 1073 1290 1110 Fletcher
1315 1077 1358 1110 vt
1384 1074 1554 1111 studium
1581 1078 1602 1110 5
1629 1086 1693 1111 an-

241 1145 375 1171 norum
391 1134 431 1170 in
447 1134 634 1180 theologia
649 1136 735 1180 post
751 1133 907 1180 gradum
924 1132 1257 1169 bacchalaureatus
1274 1132 1312 1169 in
1330 1133 1460 1169 eadem
1478 1137 1694 1182 susceptum

241 1205 316 1230 vna
337 1204 423 1229 cum
448 1192 750 1240 opposicionibus
774 1191 1079 1240 responsionibus
1103 1192 1339 1228 sermonibus
1362 1193 1571 1240 ceterisque
1594 1205 1694 1229 exer-

241 1252 341 1289 citiis
374 1264 441 1300 per
476 1255 622 1288 statuta
658 1251 850 1298 requisitis
886 1251 1048 1288 sufficiat
1080 1252 1113 1288 ei
1146 1251 1195 1288 ad
1229 1252 1485 1300 incipiendum
1518 1253 1557 1288 in
1590 1264 1696 1289 sacra

241 1311 427 1358 theologia

147 1371 289 1408 Eadem
301 1371 423 1418 gratia
433 1369 649 1407 conceditur
662 1373 684 1407 2
696 1370 913 1407 Decembris
924 1371 1103 1418 magistro
1117 1370 1275 1418 Degorio
1289 1371 1324 1406 N
1327 1371 1418 1407 icols
1467 1374 1512 1408 27
1523 1371 1546 1407 J
1549 1372 1695 1408 anuarii

241 1430 420 1478 magistro
437 1429 636 1478 Radulpho
652 1430 674 1466 J
679 1442 768 1466 ones
784 1434 824 1466 et
843 1433 886 1466 12
903 1429 926 1465 J
929 1430 1009 1466 unii
1026 1430 1206 1478 magistro
1224 1429 1388 1467 Roberto
1405 1430 1441 1466 N
1443 1435 1549 1477 orgat

632 1762 750 1807 Ordo
780 1762 1044 1807 senioritatis
1073 1779 1209 1821 mary.

526 1888 571 1925 D.
589 1889 626 1925 N
629 1889 719 1926 icols
1079 1890 1124 1926 D.
1145 1890 1319 1927 Fletcher

525 1950 569 1986 D.
589 1949 733 1996 Norgat
1078 1950 1123 1986 D.
1142 1950 1165 1986 J
1169 1962 1259 1986 ones

458 2275 623 2318 Gratiae
652 2289 740 2317 non
772 2282 1082 2319 concernentes
1113 2277 1275 2334 gradus
1306 2282 1377 2320 etc

150 2401 377 2438 Conceditur
400 2404 445 2438 10
462 2401 636 2438 Octobris
651 2405 695 2439 vt
716 2403 896 2449 magister
911 2402 1045 2450 Abbys
1067 2403 1108 2439 in
1130 2403 1278 2440 artibus
1299 2405 1470 2452 inceptor
1487 2404 1623 2441 absens
1639 2405 1700 2441 die

243 2461 482 2501 comitiorum
505 2464 658 2509 propter
679 2473 816 2509 magna
837 2474 908 2499 sua
929 2462 1081 2510 negocia
1102 2464 1224 2510 possit
1246 2463 1426 2500 hodierno
1445 2465 1506 2500 die
1525 2465 1642 2501 creari
1661 2469 1700 2501 et

244 2520 401 2557 eandem
421 2521 589 2558 obtinere
609 2523 866 2559 senioritatem
883 2534 997 2570 quam
1015 2523 1048 2559 ei
1065 2523 1243 2560 dominus
1258 2528 1478 2572 procurator
1493 2526 1700 2572 assignavit

245 2580 299 2616 ita
315 2582 358 2616 vt
373 2580 487 2616 solvit
502 2580 691 2618 academie
706 2581 742 2629 vj
755 2594 775 2618 s
789 2581 856 2629 viij
868 2581 893 2618 d

151 2638 378 2675 Conceditur
399 2641 422 2675 9
444 2639 662 2676 Decembris
678 2644 721 2676 vt
742 2641 907 2687 sigillum
924 2653 1025 2677 nunc
1041 2641 1212 2678 oblatum
1232 2653 1300 2689 per
1322 2642 1537 2679 Mattheum
1560 2643 1700 2691 Stokys

247 2697 432 2734 bedellum
456 2699 574 2735 veteri
602 2699 720 2746 magis
743 2699 889 2746 insigne
913 2702 1039 2736 vestra
1065 2700 1291 2736 auctoritate
1316 2701 1547 2748 approbetur
1569 2706 1609 2737 et
1633 2714 1700 2748 pro

246 2758 436 2794 communi
456 2758 577 2805 sigillo
593 2759 854 2795 vniuersitatis
870 2759 1055 2796 habeatur
1070 2760 1124 2795 sic
1142 2762 1183 2796 vt
1199 2760 1375 2808 deinceps
1390 2761 1537 2808 singula
1553 2761 1702 2808 publice

247 2815 436 2852 academie
464 2812 616 2853 nomine
643 2817 876 2865 obsignanda
903 2819 973 2854 hoc
1002 2819 1124 2866 sigillo
1151 2819 1230 2855 solo
1258 2819 1514 2876 obsignentura
1527 2826 1567 2856 et
1594 2825 1702 2856 vetus

246 2886 446 2914 commune
469 2876 635 2922 sigillum
659 2877 887 2913 cancelletur
