2002 3236
155 171 374 228 1545-46]
751 182 904 214 GRACE
934 182 1060 214 BOOK
1091 182 1121 212 Δ
1647 174 1702 215 35

246 285 279 321 si
300 284 498 332 exigantur
519 285 681 322 sufficiat
697 285 732 321 ei
753 285 802 322 ad
822 285 1087 333 opponendum
1109 285 1149 321 in
1166 284 1352 331 theologia
1367 287 1408 321 et
1426 285 1647 322 intrandum
1664 285 1703 321 in

245 342 360 379 libros
381 343 655 380 sententiarum
711 343 766 379 sic
781 343 884 390 quod
899 343 1129 380 admittatur
1144 346 1224 379 tam
1241 342 1289 379 ad
1306 342 1570 390 opponendum
1586 355 1702 390 quam

246 401 464 439 intrandum
492 401 542 438 ad
570 402 752 450 placitum
781 405 820 438 et
848 406 892 438 vt
919 403 1002 438 eius
1034 401 1214 438 admissio
1241 405 1319 438 stet
1347 402 1381 437 ei
1411 413 1478 448 pro
1506 402 1703 449 completis

244 461 363 508 gradu
394 465 433 498 et
465 461 585 497 forma
618 461 948 498 bacchalaureatus
977 461 1016 497 in
1051 460 1237 508 theologia
1299 463 1339 496 et
1371 460 1472 507 quod
1505 464 1591 507 post
1622 461 1703 497 eius

245 518 511 555 admissionem
534 518 757 566 respondeat
782 519 880 555 infra
902 522 980 556 tres
1002 530 1150 555 menses
1173 517 1245 555 sub
1266 530 1364 566 pena
1385 518 1572 554 cautionis
1594 518 1704 554 realis

247 580 411 624 quatuor
435 589 644 614 marcarum
671 577 890 626 deponende
913 578 953 614 in
982 576 1159 614 manibus
1187 580 1472 624 procuratorum
1497 580 1703 624 antequam

246 635 474 672 admittatur

149 694 249 731 Item
273 694 489 730 conceditur
512 693 633 730 eidem
655 696 698 730 vt
721 694 914 742 responsio
939 694 1147 742 theologica
1167 694 1215 731 ad
1239 699 1366 742 quam'
1380 698 1533 731 tenetur
1557 695 1703 731 ratione

242 752 379 799 gradus
407 753 740 789 bacchalaureatus
768 753 808 789 in
837 753 1023 800 theologia
1050 753 1191 790 differri
1220 754 1342 801 possit
1406 754 1460 790 sic
1493 754 1593 801 quod
1621 766 1702 802 per·

245 812 392 848 ficiatui·
415 812 511 848 citra
533 812 674 848 festum
700 811 871 848 Barnabe
895 813 1107 859 proximum
1132 813 1275 860 absque
1299 813 1465 849 vlteriori
1490 813 1670 850 dilatione

151 872 250 909 Item
266 872 506 919 dispensatur
521 884 608 908 cum
625 871 756 908 eodem
774 883 841 919 pro
856 872 1097 919 responsione
1110 884 1179 908 sua
1196 872 1243 909 ad
1260 885 1376 920 quam
1393 876 1545 909 tenetur
1559 874 1703 910 ratione

243 931 381 978 gradus
413 932 578 979 suscepti
607 931 787 978 quoniam
817 931 897 979 ipse
929 936 1018 968 ante
1050 932 1243 968 commitia
1273 938 1426 980 propter
1454 933 1606 979 negocia
1634 945 1704 968 sua

244 990 424 1026 interesse
437 1001 512 1026 non
525 992 649 1037 potest
697 990 750 1025 sic
766 989 867 1037 quod
883 990 1125 1027 concionetur
1140 994 1305 1037 quatuor
1320 1003 1510 1027 sermones
1527 991 1575 1027 ad
1586 1004 1701 1039 popu-

247 1048 327 1084 lum
343 1051 431 1084 ante
447 1049 587 1085 festum
605 1048 800 1084 Michaelis
816 1051 855 1084 et
871 1048 994 1084 solvat
1012 1048 1250 1085 Vniuersitati
1268 1050 1380 1096 miij
1393 1062 1412 1086 s
1429 1050 1481 1098 iiij
1495 1050 1519 1087 d

153 1107 251 1144 Item
273 1107 491 1144 conceditur
512 1108 654 1144 Thome
678 1108 804 1144 Moore
828 1113 869 1144 vt
890 1107 1060 1144 studium
1087 1111 1131 1144 10
1152 1120 1337 1145 annorum
1363 1109 1401 1145 in
1425 1109 1611 1158 theologia
1634 1110 1703 1146 hac

246 1165 286 1202 in
325 1166 570 1203 vniuersitate
607 1169 647 1203 et
685 1164 839 1203 Oxoniis
872 1179 946 1203 vna
983 1178 1070 1203 cum
1102 1166 1250 1203 duobus
1282 1167 1518 1205 sermonibus
1551 1180 1624 1204 vno
1656 1168 1703 1204 ad

245 1223 386 1261 clerum
407 1224 526 1262 altero
542 1224 590 1262 ad
612 1237 760 1262 crucem
785 1225 891 1262 Pauli
912 1230 952 1262 et
971 1237 1058 1262 cum
1075 1238 1149 1262 vna
1165 1227 1404 1274 responsione
1420 1239 1520 1263 anno
1535 1227 1705 1275 proximo

247 1282 342 1319 citra
370 1283 535 1320 natalem
563 1283 715 1320 Domini
741 1283 813 1320 sub
845 1296 942 1332 pena
975 1284 1161 1321 cautionis
1195 1285 1306 1321 malis
1335 1285 1386 1322 xl·
1413 1285 1632 1334 deponende
1664 1287 1703 1322 in

247 1342 422 1378 manibus
438 1346 722 1390 procuratorum
745 1347 950 1391 antequam
973 1343 1201 1380 admittatur
1216 1345 1379 1381 sufficiat
1394 1346 1429 1381 ei
1451 1346 1499 1382 ad
1516 1358 1703 1393 opponen-

246 1400 337 1438 dum
363 1405 402 1439 et
428 1402 647 1439 intrandum
674 1403 714 1439 in
741 1403 928 1450 theologia
976 1403 1031 1439 ita
1053 1403 1154 1450 quod
1179 1404 1299 1451 possit
1324 1404 1478 1441 admitti
1500 1408 1539 1442 et
1563 1406 1704 1442 intrare

247 1461 342 1497 citra
357 1462 552 1498 commicia
568 1462 738 1509 proxima

154 1519 253 1556 Item
269 1519 486 1557 conceditur
508 1521 688 1568 magistro
705 1521 835 1568 Yonge
852 1525 894 1558 vt
911 1522 1081 1559 studium
1100 1525 1120 1560 7
1138 1535 1323 1560 annorum
1342 1524 1380 1559 in
1399 1523 1585 1570 theologia
1602 1527 1703 1571 post-

246 1590 361 1626 quam
378 1578 514 1616 rexerit
530 1579 570 1615 in
586 1579 732 1616 artibus
747 1591 835 1616 cum
854 1579 1002 1617 duobus
1021 1581 1257 1618 sermonibus
1275 1594 1347 1618 vno
1364 1581 1412 1618 ad
1429 1582 1569 1618 clerum
1586 1582 1705 1619 altero

247 1637 295 1674 ad
323 1649 471 1674 crucem
498 1638 603 1675 Pauli
632 1642 671 1675 et
700 1651 786 1675 cum
811 1651 885 1675 vna
914 1640 1153 1688 responsione
1185 1641 1280 1677 citra
1307 1641 1504 1677 commicia
1535 1642 1706 1689 proxima

248 1697 409 1734 sufficiat
437 1697 471 1733 ei
500 1697 548 1734 ad
581 1697 844 1745 opponendum
877 1702 917 1735 et
949 1699 1168 1735 intrandum
1202 1700 1241 1735 in
1274 1700 1460 1746 theologia
1517 1700 1571 1736 sic
1603 1700 1705 1747 quod

246 1756 366 1804 possit
387 1756 540 1793 admitti
562 1761 642 1793 tam
659 1757 707 1793 ad
730 1758 994 1805 opponendum
1017 1771 1132 1805 quam
1155 1759 1375 1796 intrandum
1395 1761 1491 1796 citra
1507 1760 1705 1796 commicia

153 1811 252 1848 Item
273 1811 489 1848 conceditur
512 1812 634 1849 eidem
658 1816 700 1849 vt
724 1813 933 1861 disputatio
957 1814 1165 1862 theologica
1190 1814 1363 1852 habenda
1388 1816 1487 1852 inter
1511 1816 1703 1852 doctorem

249 1870 347 1918 Glyn
373 1874 412 1907 et
437 1871 563 1918 ipsum
591 1871 652 1908 die
676 1873 957 1909 commiciorum
986 1875 1063 1909 stet
1091 1874 1125 1909 ei
1152 1885 1220 1920 pro
1245 1874 1485 1921 responsione
1512 1874 1560 1911 ad
1589 1887 1704 1922 quam

248 1930 399 1964 tenetur
422 1928 566 1964 ratione
589 1929 728 1975 gradus
751 1930 810 1966 sui
835 1942 910 1966 non
936 1929 1112 1966 obstante
1136 1933 1283 1966 statuto

156 1987 254 2024 Item
271 1987 488 2024 conceditur
510 1988 690 2035 magistro
709 1989 837 2025 Home
854 1992 897 2025 vt
913 1988 1083 2025 studium
1101 1991 1124 2025 6
1140 2001 1324 2025 annorum
1343 1990 1382 2025 in
1402 1990 1587 2037 theologia
1603 1995 1704 2038 post-

248 2059 363 2095 quam
379 2048 517 2084 rexerit
533 2048 571 2084 in
588 2048 734 2085 artibus
757 2061 844 2085 cum
860 2048 1008 2085 duobus
1025 2048 1260 2085 sermonibus
1275 2061 1349 2085 vno
1365 2049 1412 2086 ad
1430 2050 1570 2086 clerum
1587 2050 1706 2086 altero

247 2107 296 2144 ad
318 2119 466 2144 crucem
489 2108 595 2144 Pauli
618 2112 657 2144 et
679 2120 766 2144 cum
783 2120 856 2144 vna
877 2109 1116 2156 responsione
1139 2120 1239 2144 anno
1261 2109 1430 2156 proximo
1449 2113 1539 2145 ante
1563 2110 1706 2146 Pascha

248 2166 319 2203 sub
347 2179 444 2215 pena
471 2168 657 2204 cautionis
684 2168 795 2204 realis
823 2168 874 2204 xl·
899 2167 1118 2216 deponende
1147 2168 1186 2204 in
1216 2168 1391 2204 manibus
1420 2174 1705 2216 procuratorum

249 2226 467 2274 privsquam
491 2226 720 2264 admittatur
743 2228 905 2264 sufficiat
927 2228 961 2263 ei
983 2228 1032 2264 ad
1054 2227 1274 2264 intrandum
1299 2229 1339 2264 in
1364 2228 1480 2264 libros
1501 2229 1705 2265 sententia-

248 2296 333 2321 rum
390 2285 445 2322 ita
465 2286 566 2333 quod
589 2286 709 2333 poaeit
730 2285 883 2322 admitti
903 2290 941 2322 et
964 2287 1105 2322 intrare
1124 2285 1172 2322 ad
1195 2286 1377 2333 placitum
1394 2287 1489 2323 citra
1511 2288 1706 2324 commicia

246 2355 416 2392 proxlma

155 2402 253 2440 Item
270 2402 487 2439 conceditur
508 2403 688 2450 magistro
706 2402 880 2450 Hogeson
898 2402 1144 2439 illustrissimi
1163 2402 1271 2439 ducis
1288 2403 1324 2439 N
1327 2403 1503 2441 orfolchie
1520 2405 1705 2441 sacellano

249 2464 293 2497 vt
313 2461 483 2498 studium
505 2466 650 2510 septem
672 2473 857 2498 annorum
883 2462 923 2498 in
945 2474 1050 2498 sacra
1074 2461 1260 2508 theologia
1282 2465 1483 2510 postquam
1507 2464 1643 2500 rexerit
1666 2464 1705 2500 in

250 2519 396 2556 artibus
427 2532 513 2556 cum
545 2520 693 2557 duobus
726 2520 961 2556 sermonibus
990 2532 1064 2556 vno
1091 2520 1140 2556 ad
1168 2521 1309 2556 clerum
1337 2521 1455 2557 altero
1481 2521 1529 2558 ad
1558 2534 1705 2558 crucem

252 2576 357 2612 Pauli
386 2581 425 2612 et
456 2589 542 2612 cum
569 2577 678 2612 vnica
706 2577 945 2624 responsione
973 2577 1143 2624 proximo
1175 2589 1275 2612 anno
1298 2577 1479 2614 habenda
1507 2577 1579 2614 sub
1610 2590 1708 2626 pena

251 2634 302 2670 xl·
329 2634 501 2682 ponenda
526 2635 565 2671 in
590 2634 766 2671 manibus
790 2637 1074 2682 procuratorum
1104 2635 1266 2671 sufficiat
1290 2636 1324 2672 ei
1349 2636 1397 2672 ad
1422 2636 1641 2673 intrandum
1667 2638 1706 2673 in

251 2693 367 2730 libros
399 2694 675 2730 sententiarum
722 2694 777 2730 sic
809 2693 910 2741 quod
935 2693 1163 2730 admittatur
1194 2694 1243 2730 ad
1275 2694 1458 2741 placitum
1487 2698 1575 2731 ante
1608 2707 1706 2731 com-

251 2753 363 2789 micia
378 2753 548 2800 proxima
1702 2756 1705 2759 ⁴

162 2808 261 2846 Item
284 2810 502 2846 conceditur
525 2811 706 2858 magistro
733 2810 917 2847 Blunston
942 2815 985 2848 vt
1008 2813 1027 2848 7
1054 2823 1238 2847 annorum
1263 2811 1433 2848 studium
1458 2813 1497 2848 in
1522 2813 1708 2861 theologia

253 2871 454 2917 postquam
476 2871 614 2907 rexerit
635 2871 675 2906 in
697 2870 843 2908 artibus
867 2883 953 2907 cum
976 2870 1124 2908 duobus
1145 2871 1381 2908 sermonibus
1401 2883 1475 2908 vno
1497 2872 1545 2909 ad
1567 2873 1707 2910 clerum

1410 2958 1417 2965 ⁸
1491 2950 1597 2988 3-2
