2008 3216
133 187 351 244 1552-53]
714 199 866 232 casos
896 200 1020 232 soor<
1052 199 1081 231 Δ
1622 193 1677 234 83

738 523 1070 580 [1552—1553]

129 665 279 709 Gratie
311 666 405 709 siue
446 666 686 723 peticiones
721 681 920 710 concesse
958 668 1003 710 in
1041 668 1170 725 plena
1210 669 1550 727 congregacione
1591 669 1676 712 Re-
1696 675 1719 714 s.
1744 674 1795 712 33
1817 674 1842 711 b

244 735 444 792 gentium
477 741 521 778 et
543 750 628 777 non
652 735 920 793 Regentium
942 752 969 779 a
993 732 1104 780 festo
1133 738 1274 780 sancti
1305 738 1529 781 Michaelis
1555 738 1676 781 arch-

243 806 386 863 angeli
408 820 522 848 anno
547 807 660 848 1552
683 821 819 863 vsque
840 806 895 850 ad
917 807 1052 850 iidem
1075 808 1236 851 festum
1266 808 1462 866 proxime
1490 823 1677 866 sequens

244 875 418 919 doctore
450 875 619 919 Sandes
635 876 986 920 vicecancellario
1008 883 1054 921 et
1070 878 1292 935 magistris
1308 878 1425 922 Edw.
1443 878 1678 921 Hawfarde

243 950 288 988 et
308 944 476 987 Thoma
495 944 606 988 Yale
629 946 979 1002 procuratoribus

127 1071 173 1108 In
198 1073 330 1120 primis
355 1073 572 1109 conceditur
594 1077 635 1110 vt
659 1085 788 1110 omnes
812 1075 933 1121 gratie
956 1074 1190 1111 admittende
1215 1086 1282 1122 per
1303 1074 1500 1110 dominum
1525 1086 1678 1122 procan-

220 1131 412 1168 cellarium
440 1131 610 1169 doctores
641 1132 780 1169 Parker
813 1133 958 1170 Madew
991 1133 1129 1182 Blythe
1161 1137 1200 1170 et
1232 1134 1432 1181 magistros
1467 1134 1609 1170 Pedder
1640 1138 1679 1170 et

220 1191 348 1227 Raven
372 1190 520 1238 possint
543 1203 761 1228 concurrere
787 1193 826 1228 in
851 1196 1016 1240 quatuor
1039 1192 1389 1240 congregationibus
1414 1193 1524 1229 istius
1548 1194 1638 1229 anni

126 1249 225 1287 Item
243 1250 460 1287 conceditur
482 1254 525 1287 vt
546 1251 796 1298 questioniste
811 1252 959 1299 possint
981 1252 1204 1300 respondere
1226 1252 1414 1300 questioni
1432 1256 1518 1300 post
1539 1253 1678 1290 festum

219 1310 491 1358 purificationis
509 1310 616 1348 beate
633 1310 752 1348 Marie
770 1323 844 1347 non
862 1310 1037 1348 obstante
1053 1314 1200 1348 statuto

604 1523 915 1567 Bacchalaurei
947 1524 992 1567 in
1023 1523 1192 1567 artibus

128 1656 174 1694 In
198 1658 331 1705 primis
359 1657 577 1694 conceditur
601 1657 739 1693 Joanni
771 1657 898 1693 Laken
925 1661 968 1693 vt
1002 1659 1046 1692 12
1078 1656 1231 1692 termini
1257 1655 1296 1692 in
1330 1654 1469 1702 quibus
1501 1655 1679 1692 lectiones

219 1717 426 1754 ordinarias
450 1716 600 1753 audiuit
620 1716 709 1752 licet
733 1728 808 1752 non
834 1716 987 1752 omnino
1012 1714 1219 1752 secundum
1245 1715 1405 1751 formam
1429 1715 1567 1751 statuti
1593 1727 1679 1751 cum

220 1775 519 1825 oppositionibus
536 1778 575 1812 et
592 1775 896 1823 responsionibus
913 1787 979 1823 per
995 1775 1096 1822 regia
1113 1777 1260 1811 statuta
1282 1774 1476 1822 requisitis
1493 1774 1682 1810 sufficiant

219 1835 253 1872 ei
270 1835 319 1872 ad
335 1834 637 1883 respondendum
654 1835 843 1882 questioni

126 1893 267 1931 Eadem
299 1894 420 1942 gratia
451 1894 499 1930 de
527 1894 641 1930 verbo
670 1895 709 1930 in
739 1893 895 1930 verbum
921 1893 1138 1930 conceditur
1172 1891 1336 1928 Roberto
1369 1891 1510 1939 Swyfte
1539 1891 1683 1928 Thome

220 1954 387 1990 Rolande
412 1953 556 1990 Thome
581 1953 742 2001 Hartley
768 1953 950 1989 Nicholao
976 1951 1165 1999 Sheperde
1192 1950 1378 1987 Richardo
1404 1950 1650 1997 Longworthe

128 2013 226 2050 Item
242 2013 461 2050 conceditur
479 2012 618 2049 ,Ioanni
643 2013 781 2049 Baxter
803 2015 846 2049 vt
865 2016 1030 2060 quatuor
1051 2022 1236 2047 annorum
1260 2010 1430 2046 studium
1454 2010 1560 2045 iuxta
1582 2010 1683 2056 regia

220 2075 366 2109 statuta
382 2073 420 2108 in
438 2072 578 2120 quibus
595 2073 774 2109 lectiones
791 2072 999 2108 ordinarias
1015 2071 1165 2108 audiuit
1181 2082 1255 2106 vna
1278 2081 1365 2106 cum
1382 2069 1683 2116 oppositionibus

217 2131 521 2178 responsionibus
544 2135 582 2168 et
604 2132 740 2168 ceteris
763 2131 951 2167 exercitiis
975 2142 1042 2177 per
1063 2129 1194 2166 eadem
1218 2132 1366 2165 statuta
1388 2128 1581 2175 requisitis
1605 2129 1682 2164 suf-

220 2190 348 2226 ficiant
364 2190 398 2226 ei
415 2189 463 2227 ad
480 2190 780 2237 respondendum
798 2190 987 2237 questioni

129 2248 226 2285 Item
252 2249 469 2286 conceditur
494 2249 665 2286 Gilberto
699 2249 886 2286 Phitheon
917 2253 959 2284 vt
995 2252 1038 2284 12
1071 2248 1224 2284 termini
1258 2248 1297 2282 iu
1331 2247 1470 2293 quibus
1503 2247 1682 2283 lectiones

221 2308 427 2345 ordinarias
460 2307 609 2345 audiuit
637 2308 726 2344 licet
750 2320 825 2344 non
850 2308 1003 2344 omnino
1027 2306 1234 2343 secundum
1259 2306 1419 2342 formam
1443 2306 1581 2342 statuti
1608 2318 1682 2342 vna

220 2379 304 2404 cum
323 2366 623 2415 oppositionibus
639 2367 946 2415 responsionibus
961 2371 1000 2403 et
1017 2367 1102 2402 aliis
1124 2366 1312 2402 exercitiis
1334 2377 1400 2413 per
1416 2366 1516 2412 regia
1534 2369 1682 2402 statuta

220 2426 412 2474 requisitis
428 2426 618 2463 sufficiant
633 2426 667 2462 ei
684 2425 733 2462 md
750 2425 1053 2472 respondendum
1070 2424 1259 2471 questioni

69 2483 77 2486 ”
128 2484 268 2522 Eadem
289 2486 414 2532 gratia.
435 2485 482 2522 de
506 2484 620 2521 verbo
644 2485 683 2520 in
707 2479 863 2520 verbum
885 2483 1104 2520 conceditur
1128 2482 1315 2518 Richardo
1341 2483 1472 2518 Foster
1498 2482 1680 2519 Nicholao

220 2544 420 2592 Abiphaell
438 2543 621 2580 Edwardo
639 2544 789 2580 Barrett
805 2543 828 2579 J
831 2544 944 2579 oanni
963 2543 1097 2590 Spitho
1114 2546 1153 2578 et
1170 2543 1192 2578 J
1196 2542 1308 2578 oanni
1327 2542 1407 2578 Bell

129 2602 227 2640 Item
252 2602 469 2639 conceditur
493 2603 637 2639 'rhomo
662 2603 859 2650 Chapman
884 2607 926 2639 vt
954 2606 994 2638 11
1023 2602 1175 2638 termini
1205 2613 1291 2640 cum
1317 2612 1360 2637 eo
1390 2601 1429 2636 in
1456 2613 1531 2648 quo
1559 2600 1678 2637 deter-

219 2662 433 2698 minaturus
449 2666 508 2698 est
524 2661 564 2697 in
580 2660 720 2708 quibus
736 2661 916 2697 lectiones
932 2661 1140 2697 ordinarias
1156 2660 1306 2696 audiuit
1323 2660 1411 2696 licet
1428 2672 1503 2696 non
1526 2660 1679 2696 omnino

221 2719 427 2757 secundum
449 2720 609 2756 formam
633 2720 769 2756 statuti
792 2731 879 2756 cum
901 2718 1202 2767 oppositionibus
1226 2722 1264 2754 et
1287 2717 1591 2765 responsionibus
1613 2730 1679 2765 per

221 2779 322 2827 regia
337 2782 485 2817 statuta
501 2779 695 2827 requisitis
711 2779 900 2816 sufficiant
915 2779 950 2816 ei
966 2778 1014 2816 ad
1031 2777 1332 2826 respondendum
1348 2778 1536 2824 questioni

127 2839 268 2877 Eadem
283 2840 405 2888 gratia
421 2839 639 2877 conceditur
655 2839 760 2877 Rich.
779 2839 915 2876 Curtes

1462 2974 1566 3013 6-2
