2008 3216
386 137 469 176 144
965 146 1116 177 GRAOE
1146 145 1269 177 ΒοοΚ
1300 145 1330 176 Δ
1628 188 1631 189 ⁷
1709 135 1929 189 [1559-60

475 254 760 299 procuratorum
789 254 878 286 ante
904 251 986 286 eius
1018 250 1284 286 admissionem
1318 249 1480 285 sufficiat
1511 249 1547 285 ei
1572 248 1620 285 ad
1645 249 1863 285 intrandum
1888 250 1928 286 in

475 323 580 347 sacra
612 309 798 355 theologia
824 309 879 345 ita
908 312 951 345 vt
980 310 1061 345 eius
1093 308 1272 344 admissio
1306 311 1382 343 stet
1414 320 1482 356 pro
1514 308 1710 355 completis
1741 308 1859 355 gradu
1889 311 1930 345 et

475 370 596 406 forma
611 370 666 406 sic
681 373 810 405 tamen
827 371 870 404 vt
886 368 1107 405 convivetur
1123 368 1161 403 in
1179 367 1359 415 proximis
1375 367 1539 403 comitiis
1555 369 1595 403 et
1616 367 1760 414 reliqua
1775 371 1928 414 peragat

476 430 582 466 iuxta
597 430 756 465 formam
773 431 812 463 et
828 427 1138 463 consuetudinem
1156 426 1345 463 academie
1440 426 1642 462 Admissus
1658 426 1787 462 eodem

890 734 1099 776 Doctores
1130 734 1175 775 in
1207 733 1424 775 medicina

382 859 610 896 Conceditur
626 862 672 895 29
690 859 819 895 Martii
836 859 1018 905 magistro
1035 858 1187 905 Lorkyn
1204 861 1247 893 vt
1263 857 1432 893 studium
1451 860 1472 892 5
1489 869 1673 894 annorum
1689 858 1728 893 in
1745 857 1930 894 medicina

475 930 562 954 cum
579 917 879 965 oppositionibus
895 916 1201 964 responsionibus
1217 919 1257 952 et
1273 916 1358 951 aliis
1379 916 1565 952 exercitiis
1586 928 1653 963 per
1668 916 1768 963 regia
1784 919 1930 952 statuta

476 977 669 1024 requisitis
685 976 848 1013 sufficiat
865 977 898 1012 ei
915 976 963 1012 ad
980 976 1237 1023 incipiendum
1253 975 1293 1011 in
1310 974 1441 1011 eadem

877 1268 1086 1311 Doctores
1115 1267 1161 1310 in
1192 1267 1286 1311 iure
1317 1268 1435 1311 civili

382 1396 610 1432 Conceditur
634 1399 680 1432 24
703 1395 928 1432 Novembris
950 1395 1131 1442 magistro
1149 1394 1343 1442 Gascoyne
1359 1397 1403 1431 vt
1423 1394 1594 1430 studium
1618 1396 1662 1430 12
1684 1405 1868 1430 annorum
1891 1394 1930 1429 in

477 1456 557 1492 iure
573 1456 674 1492 civili
696 1459 897 1503 postquam
920 1455 1058 1491 rexerit
1075 1455 1114 1490 in
1138 1453 1284 1491 artibus
1306 1454 1468 1489 sufficiat
1490 1454 1525 1489 ei
1541 1453 1588 1489 ad
1611 1453 1867 1500 incipiendum
1891 1453 1931 1489 in

476 1515 605 1551 eodem
631 1516 711 1552 iure
735 1515 790 1551 ita
814 1518 858 1551 vt
881 1516 962 1551 eius
986 1514 1165 1551 admissio
1189 1517 1266 1550 stet
1290 1525 1358 1561 pro
1382 1513 1580 1560 completis
1603 1513 1721 1560 gradu
1748 1515 1788 1548 et
1811 1513 1934 1549 forma

477 1574 694 1610 doctoratus
718 1586 762 1610 ea.
786 1577 914 1610 tamen
943 1574 1160 1610 condicione
1188 1576 1232 1609 vt
1263 1572 1487 1620 respondeat
1513 1572 1660 1620 publice
1690 1573 1729 1608 in
1753 1573 1933 1620 vesperiis

216 1638 243 1677 f,
268 1638 319 1677 58
339 1639 366 1677 b
477 1634 731 1681 proximorum
753 1634 991 1670 comitiorum
1007 1636 1046 1670 et
1062 1633 1232 1681 disputet
1249 1633 1288 1669 in
1311 1633 1371 1668 die
1393 1632 1630 1670 comitiorum
1653 1635 1692 1668 et
1712 1632 1932 1669 convivetur

478 1693 583 1728 iuxta
606 1704 748 1728 morem
773 1691 963 1728 academie
990 1691 1063 1727 sub
1095 1703 1191 1739 pena
1219 1689 1263 1726 x¹¹
1292 1690 1550 1738 ponendarum
1579 1690 1618 1726 in
1647 1689 1822 1727 manibus
1848 1701 1930 1737 pro·
1981 1731 1983 1733 μ

476 1756 692 1788 curatorum
716 1754 805 1788 ante
828 1752 909 1788 eius
933 1750 1199 1787 admissionem

382 1810 609 1847 Conceditur
625 1810 754 1847 eodem
772 1810 952 1857 magistro
969 1810 1117 1857 Drurye
1138 1811 1182 1845 vt
1197 1807 1367 1844 studium
1385 1819 1448 1843 sex
1465 1818 1650 1843 annorum
1667 1807 1707 1843 in
1724 1807 1804 1844 iure
1827 1807 1931 1844 ciuili

477 1872 564 1917 post
580 1869 736 1917 gradum
754 1868 1064 1905 bachalaureatus
1082 1868 1121 1904 in
1138 1867 1268 1904 eodem
1291 1869 1505 1914 susceptum
1524 1877 1609 1902 cum
1633 1866 1933 1913 oppositionibus

476 1927 782 1976 responsionibus
798 1931 838 1964 et
859 1927 944 1964 aliis
966 1927 1154 1964 exercitiis
1176 1938 1242 1974 per
1263 1925 1364 1973 regia
1388 1927 1536 1962 statuta
1557 1925 1750 1972 requisitis
1772 1924 1933 1962 sufficiat

476 1987 509 2023 ei
526 1986 574 2023 ad
592 1986 848 2034 incipiendum
866 1986 905 2022 in
922 1985 1052 2023 eodem
1070 1985 1151 2022 iure

381 2045 608 2083 Conceditur
631 2048 675 2082 16
702 2044 920 2082 Decembris
937 2045 1116 2092 magistro
1138 2044 1257 2092 Gwyn
1282 2047 1325 2080 vt
1346 2042 1516 2080 studium
1539 2044 1561 2079 8
1583 2053 1769 2079 annorum
1791 2042 1830 2079 in
1853 2043 1933 2080 iure

476 2104 576 2141 civili
594 2107 795 2153 postquam
819 2105 957 2141 rexerit
973 2105 1011 2141 in
1035 2103 1182 2141 artibus
1198 2115 1285 2140 cum
1307 2102 1608 2151 oppositionibus
1627 2102 1932 2150 responsionibus

477 2167 516 2201 et
532 2164 617 2201 aliis
632 2164 819 2201 exercitiis
835 2175 902 2212 per
917 2163 1018 2211 regis
1033 2165 1181 2200 statuta
1196 2162 1388 2211 requisitis
1404 2161 1639 2210 perficiendis
1659 2164 1747 2199 ante
1764 2162 1932 2210 proxima

478 2222 632 2259 comitia
663 2221 735 2259 sub
762 2234 858 2271 pena
886 2221 945 2270 vj¹¹
972 2220 1227 2270 potiendarum
1263 2221 1302 2257 in
1331 2220 1506 2258 manibus
1532 2223 1816 2269 procuratorum
1844 2224 1933 2258 ante

477 2282 559 2319 eius
575 2282 842 2319 admissionem
856 2282 1018 2318 sufficiat
1034 2282 1067 2318 ei
1085 2281 1131 2318 ad
1147 2280 1402 2329 incipiendum
1420 2280 1459 2317 in
1473 2280 1602 2317 eodem
1619 2280 1699 2317 iure
1788 2280 1933 2329 Peregit

477 2353 604 2379 omma
