2008 3294
138 166 356 222 1578-79]
716 176 869 208 emor:
898 174 1023 207 BOOK
1055 174 1084 207 Δ
1597 163 1678 206 321

669 456 830 498 Doctor
858 455 903 498 in
936 453 1150 498 medicina

134 580 360 617 Conceditur
381 584 428 617 23
447 581 572 617 Martii
592 581 771 627 magistro
788 580 986 616 Timotheo
1005 579 1137 626 Bright
1154 582 1197 615 vt
1212 578 1382 615 studium
1399 581 1421 613 5
1438 587 1622 613 annorum
1644 575 1683 610 in

227 640 411 676 medicina
435 644 521 688 post
542 640 700 687 gradum
719 639 1041 676 baechalauriatus
1061 639 1101 674 in
1117 638 1248 675 eadem
1270 637 1450 673 facultate
1466 638 1683 682 susceptum

228 711 314 735 cum
339 699 639 746 opposicionibus
663 698 968 746 responsionibus
992 701 1032 734 et
1055 698 1139 734 aliis
1160 697 1346 733 exercitiis
1370 708 1437 743 per
1460 698 1608 732 statuta
1629 706 1684 730 ro-

229 758 380 805 quisitis
405 758 568 795 sufficiat·
589 759 623 795 ei
648 758 696 794 ad
722 757 978 806 incipiendum
1004 757 1043 794 in
1068 756 1199 793 eadem
1224 755 1409 793 medicina

756 1007 1062 1063 Incorporatus

137 1134 363 1170 Conceditur
388 1137 430 1170 15
455 1134 545 1170 Maii
569 1134 748 1180 magistro
772 1133 935 1169 Roberto
951 1132 1069 1168 Jacob
1086 1135 1128 1169 vt
1149 1133 1201 1168 sit
1223 1132 1323 1180 apud
1349 1145 1414 1168 vos
1436 1132 1566 1169 eodem
1588 1145 1688 1170 anno

232 1194 360 1230 ordine
377 1197 416 1230 et
431 1194 549 1241 gradu
565 1193 704 1241 quibus
720 1196 779 1230 est
795 1194 835 1230 in
852 1192 1043 1229 academia
1061 1192 1258 1228 Basiliensi

586 1446 893 1490 Bacchalaurei
923 1446 969 1488 in
994 1446 1095 1504 jure
1125 1446 1242 1489 civili

142 1573 368 1610 Conceditur
391 1576 438 1610 30
462 1573 634 1609 ,Ianuarii
658 1574 722 1610 W⁰
744 1573 877 1610 Clarke
903 1576 946 1609 vt
970 1573 1139 1610 studium
1165 1577 1186 1610 5
1211 1586 1396 1610 annorum
1421 1575 1460 1610 in
1485 1575 1566 1612 iure
1591 1576 1692 1613 civili

236 1645 322 1669 cum
354 1631 658 1679 responsionibus
686 1635 726 1668 et
757 1632 1059 1679 opposicionibus
1091 1644 1158 1679 per
1189 1636 1336 1669 statuta
1368 1634 1469 1680 regia
1500 1634 1693 1681 requisitis

236 1692 396 1728 sufficiat
420 1692 453 1727 ei
478 1691 527 1728 ad
552 1691 771 1728 intrandum
796 1692 836 1727 in
859 1691 990 1727 eodem
1014 1692 1094 1727 iure
1119 1692 1174 1727 ita.
1197 1695 1238 1728 vt
1262 1692 1486 1739 respondere
1508 1695 1628 1740 possit
1653 1695 1693 1731 in

238 1750 371 1787 habitu
394 1750 644 1786 baechalaurii

143 1810 285 1847 Eadem
316 1810 437 1856 gratia
469 1809 687 1846 conceditur
718 1812 757 1845 3⁰
790 1810 934 1856 Aprilis
967 1810 1140 1845 Mattheo
1175 1810 1383 1857 Scryvener
1415 1812 1567 1848 domino
1600 1813 1693 1852 Tho.

237 1869 375 1917 Taylor
424 1872 484 1906 16ο
501 1869 591 1905 Maii
611 1869 712 1905 Edw.
734 1870 866 1905 Huton
915 1871 938 1906 6
961 1869 1068 1905 Junii
1085 1869 1193 1907 Geor.
1211 1870 1404 1918 Alyngton
1421 1875 1460 1907 et
1481 1873 1539 1908 Jo.
1559 1873 1695 1910 Talbot

640 2124 758 2168 Ordo
787 2125 1051 2168 senioritatis
1080 2141 1218 2184 mary.

384 2251 579 2288 Scrivener
856 2252 994 2299 Taylor
1278 2254 1460 2302 Alington

385 2309 519 2346 Clarke
856 2310 989 2347 Huton
1280 2313 1417 2350 Talbot

645 2559 853 2602 Doctores
882 2559 929 2602 in
952 2560 1053 2616 jure
1085 2560 1203 2603 civili

154 2685 381 2722 Conceditur
403 2689 441 2721 5⁰
458 2685 682 2722 Novembris
705 2685 884 2732 magistro
908 2686 1031 2722 David
1049 2686 1142 2722 Yale
1158 2689 1200 2722 vt
1222 2686 1393 2723 studium
1415 2688 1435 2724 7
1452 2699 1636 2724 annorum
1661 2691 1700 2725 in

247 2744 328 2780 iure
351 2744 451 2780 civili
475 2747 677 2792 postquam
702 2744 838 2780 rexerit
867 2745 906 2780 in
934 2744 1080 2781 artibus
1104 2757 1191 2781 cum
1220 2745 1522 2792 opposicionibus
1550 2759 1700 2795 respon-

249 2803 418 2839 sionibus
441 2807 480 2840 et
503 2804 587 2840 aliis
612 2803 797 2839 exercitiis
826 2815 893 2850 per
920 2807 1068 2840 statuta
1095 2805 1288 2852 requisitis
1317 2805 1478 2842 sufficiat
1505 2806 1539 2842 ei
1567 2807 1616 2842 ad
1645 2807 1700 2843 in-

248 2862 462 2910 cipiendum
486 2863 526 2899 in
550 2862 679 2899 eodem
699 2862 784 2910 jure
1619 2858 1624 2863 “

271 2943 305 2971 L.
327 2943 382 2972 lv.
1543 2939 1589 2976 21
