2008 3294
104 214 323 270 1585-86]
685 226 836 258 GRAcm
867 205 992 258 Boou
1023 226 1053 257 Δ
1565 215 1650 256 405

196 327 407 376 archangeli
432 331 471 365 et
500 329 614 365 Pasce
639 340 707 376 per
730 329 883 376 equales
907 329 1098 377 portiones
1122 333 1162 365 et
1185 340 1300 376 super
1323 328 1394 364 hac
1418 331 1544 364 vestra
1568 339 1653 363 con-

195 387 361 424 cessione
397 387 527 424 literas
563 387 728 424 habeant
763 392 908 424 vestras
944 391 1119 435 patentes
1155 387 1338 434 sigillatas
1371 389 1496 423 vestro
1532 386 1653 432 sigillo

195 447 387 483 communi

101 505 330 543 Conceditur
354 509 377 543 6
401 507 425 543 J
428 506 508 543 unii
534 507 715 556 magistro
739 506 841 544 Edw.
869 507 975 555 Ellys
999 510 1042 543 vt
1066 507 1118 543 sit
1141 506 1189 543 de
1213 506 1368 543 consilio
1394 505 1652 542 vniuersitatis

196 568 235 601 et
259 565 484 602 sollicitator
511 565 678 602 eiusdem
708 565 748 602 in
773 566 897 602 causis
921 566 1057 602 vestris
1082 565 1255 613 juridicis
1279 569 1318 601 et
1342 577 1411 612 pro
1434 564 1560 601 labore
1584 576 1653 600 suo

196 623 334 660 habeat
362 625 561 661 annuatim
591 624 658 660 xls
686 624 816 671 legalis
845 629 903 661 etc
934 637 1000 672 per
1028 637 1164 661 manus
1195 624 1339 661 domini
1374 624 1652 671 procancellarii

195 694 263 728 pro
285 686 455 730 tempore
477 683 675 719 existentis
697 682 745 719 ad
764 683 863 719 festa
882 684 1003 719 sancti
1028 683 1224 719 Michaelis
1246 683 1459 730 archangeli
1481 688 1519 718 et
1539 683 1652 718 Pasce

195 752 261 787 per
282 741 434 788 equales
456 741 648 789 portiones
672 753 739 788 pro
762 741 888 777 labore
909 746 949 778 et
971 743 1127 778 consilio
1150 754 1217 778 suo
1238 742 1277 778 in
1295 745 1487 789 posterum
1505 742 1651 778 vniuer-

195 799 300 836 sitati
335 799 586 847 impendendo
619 799 802 846 quamdiu
835 800 1050 837 huiusmodi
1084 813 1238 838 munere
1271 805 1310 837 et
1349 801 1456 838 feodo
1493 801 1653 848 gaudere

195 859 315 904 possit
343 871 410 906 per
438 858 749 895 consuetudinem
782 859 896 896 huius
924 861 1028 907 regni
1057 860 1193 907 Anglie
1221 864 1261 896 et
1289 872 1401 907 super
1430 860 1499 896 hac
1528 866 1652 896 vestra

195 918 432 954 concessione
457 917 587 954 literas
612 916 751 953 habeat
776 917 959 964 sigillatas
984 919 1106 965 sigillo
1131 923 1255 955 vestro
1280 919 1469 955 communi

102 975 330 1012 Conceditur
345 977 476 1013 eodem
492 988 579 1013 cum
597 976 720 1012 multa
737 976 815 1012 sint
832 979 871 1012 et
884 977 988 1013 varia
1004 977 1074 1013 hoc
1091 978 1289 1024 presertim
1306 980 1474 1025 tempore
1492 977 1652 1013 Londini

115 1027 117 1030 ’
197 1035 392 1072 subeunda
414 1037 454 1072 in
471 1036 611 1084 quibus
631 1040 711 1072 tam
732 1037 923 1073 malitiose
937 1041 1061 1074 vestra
1078 1038 1223 1085 petitur
1239 1037 1449 1085 respublica
1466 1042 1508 1074 vt
1525 1050 1652 1074 veren-

197 1093 289 1130 dum
311 1106 401 1130 sane
417 1107 493 1142 quo
515 1107 555 1131 se
579 1095 734 1131 tandem
757 1095 984 1132 insulsorum
1001 1096 1238 1143 quorundam
1258 1097 1388 1132 efferat
1407 1097 1561 1133 audatia
1580 1097 1653 1132 nisi

198 1157 322 1189 vestra
339 1154 566 1190 auctoritate
582 1154 827 1200 designentur
842 1155 908 1202 qui
926 1155 964 1191 id
981 1159 1096 1202 agant
1112 1155 1242 1192 sedulo
1263 1168 1309 1191 ne
1329 1156 1420 1202 quid
1443 1155 1653 1204 respublica

197 1216 322 1248 vestra
349 1212 570 1249 detrimenti
599 1214 725 1260 capiat
754 1213 877 1261 placet
905 1214 1012 1250 vobis
1037 1222 1080 1251 vt
1109 1227 1234 1251 rerum
1263 1216 1467 1252 earundem
1496 1228 1586 1252 cura
1613 1218 1653 1251 et

198 1271 412 1317 procuratio
440 1270 571 1307 eadem
599 1274 726 1307 vestra
752 1272 980 1308 auctoritate
1005 1274 1291 1310 commendetur
1318 1274 1482 1311 dominis
1510 1275 1653 1310 doctori

202 1330 318 1366 Perne
339 1333 379 1366 et
400 1329 544 1366 doctori
571 1330 688 1377 Binge
713 1331 1035 1368 exercitatissimis
1058 1334 1193 1369 vestris
1215 1338 1254 1369 et
1276 1345 1458 1381 perquam
1482 1334 1655 1370 fidelibus

198 1388 422 1425 consiliariis
448 1391 487 1425 et
518 1389 692 1436 Philippo
719 1390 891 1437 Stringer
916 1391 1060 1427 bedello
1087 1392 1140 1428 sic
1166 1397 1208 1428 vt
1231 1405 1326 1440 quos
1352 1393 1438 1430 inde
1466 1394 1655 1430 moderate

198 1451 370 1495 sumptos
388 1449 471 1495 (sic)
489 1449 646 1484 fecerint
665 1461 686 1485 e
703 1455 826 1487 vestro
849 1452 1040 1487 communi
1063 1451 1307 1499 depromatur
1324 1453 1407 1500 (sic)
1424 1453 1544 1489 erario
1595 1454 1656 1488 Ita

198 1510 325 1543 tamen
351 1510 393 1543 vt
420 1507 532 1544 rebus
560 1508 715 1544 tandem
744 1510 906 1556 peractis
934 1514 1112 1558 sumptus
1139 1506 1275 1547 deinde
1301 1512 1564 1548 examinentur
1590 1524 1656 1559 per

197 1565 392 1603 dominum
409 1567 739 1614 procancellarium
756 1572 795 1604 et
811 1568 981 1606 doctores
1004 1570 1123 1606 Fulke
1140 1570 1245 1606 Goad
1269 1571 1305 1606 N
1307 1574 1413 1617 orgat
1435 1576 1474 1607 et
1498 1571 1595 1618 Legg
1617 1574 1656 1606 et

198 1637 326 1662 eorum
351 1626 518 1662 censuris
542 1626 770 1663 fidelissimis
794 1628 1050 1676 approbentur

105 1684 332 1722 Conceditur
354 1685 437 1733 viij⁰
458 1686 551 1722 Julii
579 1688 671 1722 1586
729 1687 855 1732 Quum
879 1689 1041 1735 equitati
1066 1692 1105 1725 et
1126 1689 1276 1736 justitie
1301 1689 1427 1736 regule
1450 1701 1654 1725 consonum

198 1743 370 1781 videatur
385 1748 428 1781 vt
443 1745 639 1792 collegium
657 1744 876 1782 Emanuelis
892 1759 1012 1794 nuper
1028 1747 1192 1783 edificari
1215 1752 1368 1794 ceptum
1385 1752 1424 1783 et
1441 1748 1521 1795 jam
1539 1760 1655 1795 prope

197 1802 412 1840 absolutum
441 1807 522 1840 tam
550 1804 598 1840 ad
627 1816 740 1841 onera
768 1805 968 1842 academiae
997 1806 1150 1842 ferenda
1178 1818 1294 1854 quam
1322 1806 1370 1842 ad
1397 1807 1655 1854 suscipiendos

199 1862 358 1898 honores
385 1866 425 1898 et
450 1863 704 1900 emolumenta
729 1863 897 1900 eiusdem
925 1864 1138 1911 assignetur
1163 1869 1203 1900 et
1229 1865 1328 1901 inter
1352 1868 1476 1902 cetera
1501 1866 1654 1914 collegia

199 1921 238 1957 in
271 1921 428 1968 prefatis
459 1922 679 1958 muneribus
711 1926 751 1959 et
783 1923 988 1959 commodis
1021 1936 1089 1960 suo
1121 1924 1252 1960 ordine
1284 1925 1486 1961 collocetur
1517 1930 1556 1962 et
1585 1938 1653 1962 nu-

199 1983 364 2031 meretur
389 1980 515 2016 Placet
538 1980 645 2017 vobis
662 1984 704 2018 vt
727 1981 903 2018 dominus
925 1982 1250 2019 vicecancellarius
1273 1987 1313 2019 et
1336 1984 1474 2030 singuli
1499 1985 1654 2031 prefecti

199 2038 368 2074 omnium
388 2039 626 2085 collegiorum
646 2038 748 2075 domi
764 2045 958 2087 presentes
973 2045 1013 2076 et
1030 2041 1069 2077 in
1087 2053 1215 2078 eorum
1232 2041 1404 2079 absentia
1421 2055 1550 2080 eorum
1567 2044 1653 2080 sub-

199 2098 326 2135 stituti
352 2101 391 2134 et
414 2099 513 2135 vices
535 2102 704 2146 gerentes
726 2111 812 2136 cum
835 2100 934 2136 socio
956 2100 1138 2148 cuiusque
1160 2101 1302 2148 collegii
1328 2103 1492 2139 maximo
1516 2104 1653 2139 seniori

199 2162 291 2194 tunc
323 2163 496 2204 presente
525 2158 601 2194 iam
634 2163 828 2206 receptum
861 2159 1030 2196 ordinem
1061 2160 1222 2196 formam
1250 2164 1289 2197 et
1317 2161 1451 2197 seriem
1480 2174 1653 2209 procura-

199 2221 325 2253 torum
342 2219 557 2253 taxatorum
573 2220 613 2254 et
629 2221 883 2255 scrutatorum
903 2219 1218 2255 nominandorum
1235 2219 1349 2256 huius
1365 2220 1554 2257 academie
1571 2233 1653 2257 nec-

202 2289 277 2312 non
299 2276 469 2313 ordinem
491 2280 530 2313 et
552 2277 713 2314 formam
729 2277 1021 2314 combinacionis
1037 2279 1076 2315 in
1094 2279 1323 2326 disputando
1340 2283 1379 2316 et
1395 2280 1654 2327 respondendo

202 2336 241 2372 in
263 2334 431 2382 qualibet
454 2335 632 2372 facultate
654 2338 694 2372 et
715 2337 969 2373 concionando
990 2337 1189 2384 diligenter
1210 2338 1414 2386 inspiciant
1435 2344 1474 2375 et
1496 2352 1564 2387 pro
1585 2352 1651 2376 sua

200 2394 400 2442 prudentia
425 2398 504 2430 tam
529 2395 653 2442 quoad
680 2395 891 2442 predictum
916 2395 1137 2432 Emanuelis
1165 2397 1362 2444 collegium
1388 2410 1503 2444 quam
1530 2399 1654 2445 quoad

201 2458 324 2490 cetera
352 2453 505 2501 collegia
533 2454 721 2502 corrigant
753 2455 954 2492 emendent
983 2456 1218 2492 constituant
1245 2460 1285 2493 et
1312 2458 1504 2504 assignent
1532 2459 1586 2494 sic
1613 2462 1654 2494 vt

203 2513 240 2549 id
262 2516 389 2549 ratum
411 2515 451 2549 et
472 2525 540 2560 pro
562 2518 708 2550 statuto
730 2514 915 2551 habeatur
936 2515 1037 2562 quod
1060 2516 1180 2552 maior
1200 2527 1288 2563 pars
1309 2528 1438 2553 eorum
1460 2529 1547 2554 cum
1569 2530 1654 2554 con-

202 2583 314 2608 sensu
349 2571 492 2608 domini
526 2574 803 2620 procancellarii
839 2586 905 2621 per
938 2586 1120 2611 manuum
1154 2587 1308 2612 suarum
1341 2576 1654 2624 subscriptionem

200 2631 406 2667 decreverit
430 2635 520 2668 ante
545 2632 711 2679 primum
735 2633 835 2669 diem
860 2634 1021 2680 proximi
1046 2635 1198 2670 termini
1259 2635 1309 2671 Et
1333 2635 1434 2682 quod
1459 2636 1653 2683 collegium

203 2689 349 2725 nullum
381 2689 545 2737 aliquem
574 2690 622 2726 ad
650 2691 802 2738 aliquod
835 2691 1089 2739 predictorum
1122 2704 1319 2729 munerum
1353 2698 1420 2729 aut
1448 2694 1654 2731 officiorum

202 2747 413 2784 nominabit
445 2753 512 2784 aut
545 2748 657 2796 eliget
688 2752 893 2796 antequam
926 2751 1062 2797 prefati
1095 2750 1255 2798 delegati
1287 2751 1357 2787 hoc
1385 2764 1454 2787 suo
1481 2753 1653 2788 commis-

202 2807 318 2842 sionis
343 2819 498 2844 munere
521 2807 690 2844 defuncti
714 2808 855 2844 fuerint
881 2813 920 2845 et
948 2809 1040 2845 illud
1067 2821 1191 2846 coram
1218 2814 1353 2846 senatu
1380 2810 1654 2858 publicaverint

202 2865 368 2912 exceptis
394 2866 468 2902 illis
494 2866 560 2913 qui
589 2867 628 2902 in
655 2868 820 2914 presenti
846 2867 894 2904 ad
919 2867 1040 2904 officia
1065 2871 1349 2915 procuratorum
1375 2873 1589 2906 taxatorum
1616 2875 1654 2906 et

202 2928 455 2961 scrutatorum
481 2926 598 2962 futuri
623 2926 712 2962 anni
738 2938 804 2973 per
828 2926 1024 2973 collegium
1048 2927 1157 2963 electi
1181 2932 1272 2963 sunt
1296 2931 1335 2963 et
1359 2929 1543 2964 nominati
