2046 3224
47 172 266 228 1547-48]
628 182 779 214 omen
810 182 932 214 Boot<
965 182 994 214 Δ
1535 175 1590 216 49

45 286 143 322 Item
159 286 374 323 conceditur
396 286 559 323 Roberto
575 286 686 322 Shaw
701 288 745 322 vt
766 298 789 322 x
805 286 957 322 termini
978 286 1018 323 in
1034 286 1174 334 quibus
1190 287 1368 324 lectiones
1385 287 1593 323 ordinarias

137 345 286 382 audiuit
306 346 394 382 licet
409 358 484 382 non
501 346 654 382 omnino
677 345 883 382 secundum
906 346 1065 382 formam
1088 347 1225 382 statuti
1248 358 1334 382 cum
1351 347 1592 393 oppositioni-

138 403 209 440 bus
236 407 276 441 et
313 403 616 452 responsionibus
647 404 840 450 requisitis
868 403 1057 440 sufficiant
1087 404 1122 440 ei
1158 416 1226 452 pro
1258 404 1444 452 completo
1474 405 1591 451 gradu

137 462 467 500 bacchalaureatus
498 464 538 499 in
571 462 718 499 artibus
767 463 830 498 Ita
856 462 958 510 quod
990 463 1071 499 eius
1102 463 1265 500 eruditio
1293 463 1527 500 examinetur
1553 467 1594 501 et

136 519 364 568 approbetur
398 532 465 567 per
497 520 696 567 magistros
735 519 912 555 Bullocke
944 522 984 555 et
1022 519 1160 567 Taylor
1197 520 1378 567 quoniam
1417 520 1591 557 determi-

137 579 328 615 nationem
351 579 559 626 proximam
572 580 662 615 'sine
682 579 845 615 maximo
861 591 929 614 suo
946 579 1141 626 dispendio
1158 583 1354 627 expectare
1370 592 1445 616 non
1468 583 1594 628 potest

44 638 141 675 Item
160 638 377 676 conceditur
398 639 566 676 Arthuro
583 639 760 675 Yelderte
785 642 827 674 vt
853 641 897 674 12
915 639 1067 675 termini
1090 639 1128 675 in
1144 639 1285 686 quibus
1302 639 1480 676 lectiones
1495 640 1592 676 ordi-

138 698 262 734 narias
289 698 438 735 audiuit
466 711 532 746 per
558 699 736 735 maiorem
765 702 912 745 partem
939 699 978 734 in
1007 700 1090 734 toto
1116 710 1201 734 cum
1231 698 1530 746 oppositionibus
1554 702 1593 735 et

137 757 440 804 responsionibus
463 758 655 806 requisitis
679 758 867 794 sufficiant
891 757 925 794 ei
949 757 997 794 ad
1022 758 1323 805 respondendum
1347 758 1535 805 questioni

45 815 184 852 Eadem
209 817 329 863 gratia
353 817 399 853 de
423 817 536 854 verbo
564 818 602 854 in
632 817 788 854 verbum
809 816 1028 854 conceditur
1051 817 1189 854 Joanni
1212 817 1386 854 Walkero
1412 817 1593 854 Nicholao

137 875 316 924 Curtysse
349 876 535 913 Richardo
567 877 706 924 Whyte
739 876 924 913 Gulielmo
960 875 1211 924 Dodyngtono
1250 875 1436 914 Richardo
1467 876 1594 923 Anger

137 934 336 972 Edmundo
362 936 463 984 Ayre
490 936 672 973 Edwardo
698 937 957 983 Watkynsono
985 936 1216 972 Ohristofero
1245 935 1420 972 Walkero
1452 939 1491 972 et
1521 936 1591 972 Ro-

137 992 279 1040 dulpho
305 993 445 1030 Leuero

44 1051 143 1089 Item
174 1051 391 1088 conceditur
413 1052 556 1088 Thome
582 1052 724 1088 Homes
747 1055 791 1088 vt
818 1054 861 1087 12
886 1048 1037 1087 termini
1063 1051 1102 1087 in
1127 1051 1266 1098 quibus
1290 1052 1470 1088 lectiones
1494 1051 1591 1088 ordi-

137 1110 260 1147 narias
288 1111 436 1148 audiuit
464 1123 531 1159 per
558 1112 736 1148 maiorem
762 1115 908 1158 partem
938 1110 977 1147 in
1006 1114 1089 1147 toto
1114 1123 1201 1148 cum
1230 1110 1528 1158 oppositionibus
1553 1114 1593 1147 et

136 1170 440 1217 responsionibus
455 1171 647 1218 requisitis
663 1171 851 1207 sufficiant
867 1171 901 1207 ei
918 1170 966 1207 ad
983 1170 1283 1219 respondendum
1296 1170 1483 1218 questioni
1531 1170 1592 1206 Sic

137 1232 180 1265 vt
199 1229 278 1266 eius
295 1229 456 1266 eruditio
478 1229 705 1277 approbetur
726 1242 793 1277 per
810 1233 952 1266 vestros
968 1230 1201 1277 oppositores
1222 1230 1336 1266 huius
1351 1230 1441 1266 anni
1458 1233 1497 1266 et
1516 1233 1593 1266 stet

136 1300 221 1324 cum
238 1288 371 1325 ceteris
387 1287 742 1325 determinatoribus
758 1292 912 1336 propter
927 1288 1165 1325 sodalitatem
1183 1300 1299 1335 quam
1315 1291 1489 1336 expectat

44 1347 142 1384 Item
174 1348 390 1385 conceditur
417 1348 554 1384 Joanni
581 1349 782 1396 Atkynson
815 1351 858 1385 vt
889 1360 953 1384 sex
986 1348 1139 1384 termini
1172 1349 1211 1384 in
1236 1340 1382 1395 quibus
1414 1348 1593 1384 lectiones

136 1406 342 1442 ordinarias
365 1406 513 1443 audiuit
538 1407 625 1443 licet
649 1419 724 1443 non
749 1407 902 1443 omnino
927 1406 1134 1443 secundum
1159 1407 1318 1443 formam
1343 1407 1480 1444 statuti
1505 1418 1592 1442 cum

137 1464 434 1512 oppositionibus
461 1469 500 1502 et
532 1465 836 1514 responsionibus
858 1466 1049 1512 requisitis
1077 1466 1266 1502 sufficiant
1294 1466 1327 1502 ei
1360 1465 1408 1502 ad
1442 1477 1591 1512 respon-

137 1523 299 1561 dendum
325 1525 514 1572 questioni

43 1637 141 1674 Item
163 1637 379 1675 conceditur
399 1638 423 1674 J
426 1638 537 1674 oanni
560 1638 779 1685 Goodrycke
800 1641 842 1674 vt
865 1649 998 1674 novem
1021 1637 1172 1673 termini
1193 1636 1368 1684 completi
1392 1636 1431 1672 in
1455 1635 1593 1683 quibus

133 1697 310 1734 lectiones
326 1697 533 1734 ordinarias
554 1697 703 1734 audiuit
725 1709 791 1744 per
808 1697 985 1733 maiorem
1009 1699 1155 1744 partem
1178 1696 1217 1731 in
1242 1699 1324 1731 toto
1341 1708 1426 1732 cum
1447 1695 1592 1743 opposi-

134 1756 300 1793 tionibus
324 1759 363 1793 et
389 1757 692 1804 responsionibus
717 1756 910 1803 requisitis
939 1755 1129 1791 sufficiant
1153 1755 1185 1791 ei
1213 1754 1261 1791 ad
1290 1754 1593 1802 respondendum

136 1816 323 1863 questioni
346 1815 456 1852 modo
472 1816 552 1852 eius
568 1815 741 1852 doctrina
760 1815 810 1851 ab
826 1815 1104 1862 opposiwribus
1128 1814 1240 1850 huius
1256 1814 1345 1850 anni
1366 1814 1594 1862 approbetur

136 1877 176 1910 et
199 1877 276 1911 stet
299 1886 384 1910 cum
413 1874 547 1910 ceteris
570 1873 926 1910 determinatoribus
950 1876 1103 1920 propter
1126 1871 1366 1908 sodalitatem
1392 1883 1507 1918 quam
1532 1883 1592 1907 ex-

138 1935 264 1980 pectat
629 1964 635 1967 .

46 1990 143 2027 Item
161 1991 378 2027 conceditur
393 1991 531 2027 Joanni
550 1991 662 2038 Guyn
680 1994 722 2026 vt
738 1990 865 2027 decem
888 1990 1039 2026 termini
1057 2001 1143 2026 cum
1161 2001 1204 2026 eo
1220 1990 1260 2025 in
1277 2001 1352 2036 quo
1368 1989 1593 2025 determina-

136 2051 244 2086 turus
266 2050 305 2085 in
329 2049 468 2096 quibus
489 2049 668 2085 lectiones
692 2049 900 2085 ordinarias
923 2049 1073 2085 audiuit
1096 2060 1162 2095 per
1183 2048 1362 2084 maiorem
1385 2052 1531 2096 partem
1554 2048 1593 2084 in

136 2111 217 2145 toto
232 2109 320 2145 licet
342 2121 415 2144 non
439 2109 593 2144 omnino
615 2108 820 2145 secundum
845 2109 1005 2144 formam
1027 2107 1164 2144 statuti
1186 2119 1274 2143 cum
1296 2106 1595 2154 oppositionibus

136 2171 176 2204 et
192 2167 496 2215 responsionibus
511 2168 703 2214 requisitis
719 2168 909 2204 sufficiant
924 2167 959 2203 ei
976 2167 1023 2203 ad
1041 2166 1341 2214 respondendum
1359 2166 1547 2213 questioni

44 2225 184 2262 Eadem
200 2226 322 2272 gratia
337 2226 383 2261 de
400 2225 512 2262 verbo
528 2226 568 2261 in
586 2225 742 2261 verbum
759 2226 976 2262 conceditur
993 2225 1174 2261 Nicholao
1192 2225 1394 2272 Robynson

44 2283 141 2320 Item
165 2284 381 2320 conceditur
403 2283 590 2320 Gulielmo
613 2284 786 2320 Denman
805 2290 846 2320 vt
869 2283 996 2320 decem
1021 2284 1173 2319 termini
1198 2284 1236 2319 in
1254 2283 1393 2330 quibus
1416 2284 1593 2320 lectiones

136 2341 342 2378 ordinarias
358 2342 506 2378 audiuit
528 2353 595 2388 per
611 2341 791 2377 maiorem
810 2344 955 2388 partem
979 2342 1016 2377 in
1035 2345 1117 2378 toto
1133 2353 1220 2377 cum
1237 2341 1538 2389 oppositionibus
1554 2346 1594 2378 et

136 2399 439 2446 responsionibus
456 2400 648 2446 requisitis
664 2400 853 2435 sufficiant
868 2400 902 2436 ei
920 2400 966 2435 ad
985 2399 1285 2446 respondendum
1303 2400 1491 2446 questioni

43 2458 142 2494 Item
162 2459 377 2495 conceditur
399 2458 582 2495 Edwards»
606 2458 743 2506 Taylor
766 2463 807 2495 vt
830 2459 1002 2495 vndecim
1025 2459 1178 2495 termini
1203 2470 1290 2494 oum
1311 2471 1355 2494 eo
1378 2459 1417 2494 in
1439 2471 1515 2506 quo
1534 2463 1593 2495 est

136 2518 454 2554 determinaturus
478 2519 517 2554 iu
542 2517 681 2565 quibus
705 2518 883 2554 lectiones
907 2519 1113 2554 ordinarias
1141 2518 1290 2554 audiuit
1318 2530 1385 2564 per
1414 2518 1591 2553 maiorem

136 2579 282 2623 partem
307 2577 345 2612 in
370 2579 452 2613 toto
476 2589 563 2613 cum
586 2577 885 2624 oppositionibus
907 2582 946 2614 et
971 2577 1274 2625 responsionibus
1300 2577 1491 2624 requisitis
1516 2577 1591 2613 suf-

136 2636 265 2672 ficiant
288 2636 322 2672 ei
346 2636 394 2672 ad
419 2636 717 2684 respondendum
742 2637 931 2684 questioni

45 2695 143 2731 Item
159 2695 374 2731 conceditur
389 2696 532 2732 Thomo
551 2696 704 2743 Lakyno
721 2699 763 2731 vt
788 2699 831 2732 12
848 2696 999 2732 termini
1021 2707 1107 2731 cum
1125 2707 1168 2731 eo
1190 2695 1229 2730 in
1246 2707 1321 2742 quo
1338 2699 1396 2730 est
1418 2694 1593 2730 determi-

1609 1626 1635 1667 s.
1661 1626 1750 1666 20b

138 2756 296 2790 naturus
322 2755 361 2790 in
386 2754 524 2801 quibus
549 2755 726 2791 lectiones
750 2755 957 2792 ordinarias
980 2754 1128 2791 audiuit
1157 2766 1223 2802 per
1244 2755 1423 2790 maiorem
1446 2757 1594 2801 partem
1614 2774 1617 2778 Δ

136 2811 175 2848 in
197 2814 279 2848 toto
295 2825 369 2849 vna
385 2825 471 2849 cum
488 2813 787 2861 oppositionibus
809 2818 848 2850 et
873 2813 1178 2861 responsionibus
1195 2813 1388 2860 requisitis
1405 2813 1594 2848 sufficiant

138 2871 171 2907 ei
189 2871 236 2907 ad
253 2872 553 2919 respondendum
570 2873 757 2920 questioni

152 2958 186 2985 L.
209 2959 260 2988 lv.
