2008 3294
135 180 355 235 1582—83]
711 189 862 221 emon
892 188 1017 219 BOOK
1047 187 1078 220 Δ
1593 172 1675 222 371

132 294 359 333 Conceditur
390 294 523 330 vltimo
557 294 649 330 Maii
721 294 818 330 Cum
850 292 1040 329 academie
1076 294 1336 328 tenementum
1373 292 1474 339 quod
1513 293 1537 329 J
1540 293 1679 329 ohanni

228 354 403 390 Bacstero
427 365 546 400 nuper
570 353 721 389 locastis
746 352 856 389 hodie
880 351 1117 399 possideatur
1140 363 1163 387 a
1187 351 1338 387 doctore
1363 351 1482 398 Bingo
1506 352 1546 387 in
1573 352 1680 388 cuius

227 413 422 448 locationis
451 412 654 449 indentura
681 412 827 459 aliquot
857 411 949 448 anni
982 411 1106 447 adhuc
1130 413 1335 458 supersunt
1359 410 1484 458 placet
1508 410 1615 446 vobis
1639 415 1682 447 vt

225 472 327 508 dicta
350 472 551 508 indentura
575 473 614 508 in
636 472 779 508 domini
805 470 1085 518 procancellarii
1108 482 1245 506 manus
1264 469 1411 506 reddita
1454 470 1559 506 Idem
1579 474 1681 507 tene-

226 533 396 568 mentum
425 543 511 568 cum
535 531 614 567 suis
639 530 881 578 pertinenciis
909 529 957 566 ad
986 529 1191 565 terminum
1216 528 1467 575 quadraginta
1494 541 1680 566 annorum

225 589 399 636 deinceps
440 589 607 636 proxime
649 588 955 636 complendorum
1001 587 1170 634 predicto
1211 586 1357 623 doctori
1397 587 1516 634 Bingo
1555 591 1681 624 vestra

225 649 450 686 auctoritate
469 649 516 685 de
538 649 682 695 integro
702 648 845 684 locetur
867 647 921 683 sic
941 651 984 683 vt
1008 659 1074 694 pro
1099 646 1227 682 eodem
1251 650 1468 682 tenemento
1494 647 1679 684 vsitatum

224 719 393 743 annuum
418 706 607 743 redditum
630 706 819 743 academie
841 706 962 742 solvat
985 705 1215 752 eiisdemque
1237 705 1517 742 conditionibus
1541 706 1680 753 quibus

225 766 394 812 proxima
410 766 545 802 locatio
561 766 662 802 facta
677 765 752 801 fuit
769 765 1001 811 astringatur
1015 767 1055 800 et
1071 775 1184 811 super
1205 764 1275 800 hac
1298 768 1424 800 vestra
1445 765 1681 800 concessione

225 836 321 860 nova
338 824 542 861 indentura
557 825 624 861 fiat
640 836 763 860 coram
781 824 887 860 vobis
903 823 1059 871 legenda
1078 835 1196 870 eaque
1217 823 1271 859 sic
1293 823 1390 859 lecta
1412 823 1534 870 sigillo
1557 827 1681 860 vestro

223 884 413 921 communi
430 884 600 930 signetur

131 942 357 979 Conceditur
373 945 418 979 26
434 943 458 978 J
460 943 539 979 unii
557 943 736 989 magistro
751 942 952 978 Laurentio
965 942 1207 979 Shitleworth
1221 941 1486 978 bacchalaureo
1498 942 1682 989 theologie

226 1001 380 1038 Oxoniis
396 1005 438 1038 vt
454 1002 506 1037 sit
522 1002 583 1038 hic
599 1001 700 1048 apud
718 1013 783 1037 vos
799 1001 954 1037 eiisdem
971 1000 1089 1047 gradu
1106 1000 1235 1036 ordine
1251 1002 1291 1035 et
1307 1011 1406 1036 anno
1419 999 1558 1047 quibus
1570 1003 1629 1036 est
1641 1001 1681 1036 in

224 1061 414 1097 academia
430 1061 631 1097 Oxoniensi
699 1060 839 1097 Eadem
861 1060 983 1107 gratia
1005 1059 1222 1096 conceditur
1244 1062 1290 1095 29
1311 1058 1336 1096 J
1339 1060 1419 1095 unii
1443 1060 1544 1108 Step.
1571 1060 1681 1106 Lym-

226 1119 356 1156 mitter
377 1122 416 1155 et
440 1119 604 1156 Roberto
627 1119 750 1156 Oooke
772 1120 811 1155 in
834 1118 981 1155 artibus
1005 1119 1196 1166 magistris
1260 1121 1299 1154 3⁰
1320 1118 1413 1155 Julii
1436 1119 1460 1154 J
1463 1131 1495 1155 0.
1523 1119 1682 1166 Bentley

227 1178 327 1214 Edw.
347 1178 517 1226 Higgyns
537 1178 594 1214 J0.
614 1178 767 1214 Browne
787 1178 870 1214 Art.
895 1177 1056 1225 Awbery
1078 1177 1136 1215 J0.
1163 1177 1327 1213 Howson
1350 1177 1538 1214 Willelmo
1561 1178 1680 1214 Good-

227 1248 310 1286 wyn
334 1241 374 1274 et
399 1237 591 1274 Leonardo
616 1238 760 1274 Button
786 1238 825 1273 in
849 1236 997 1274 artibus
1021 1237 1212 1284 magistris
1236 1239 1276 1273 et
1299 1236 1324 1273 J
1326 1249 1363 1273 0.
1389 1236 1594 1273 Sotherton
1619 1238 1683 1274 W⁰

225 1296 349 1333 Cooke
366 1295 467 1333 Edw.
488 1295 690 1332 Ridlesdon
707 1298 746 1331 et
763 1295 827 1331 W⁰
844 1295 1043 1342 Vaugham
1061 1295 1100 1331 in
1117 1294 1265 1331 artibus
1283 1294 1561 1332 bacchalaureis

132 1355 359 1391 Conceditur
375 1357 414 1391 3⁰
430 1354 453 1390 J
456 1354 523 1390 ulii
539 1354 563 1391 J
565 1366 597 1390 o.
618 1354 766 1390 Palmer
781 1354 1015 1401 gravissimis
1027 1353 1336 1401 occupationibus
1348 1354 1429 1391 heri
1443 1355 1482 1391 in
1495 1356 1683 1392 creatione

225 1413 378 1450 detento
395 1416 437 1449 vt
453 1424 520 1460 pro
536 1413 789 1459 assignatione
804 1412 947 1448 domini
970 1412 1222 1459 procuratoris
1242 1413 1404 1449 retineat
1423 1414 1682 1450 senioritatem

226 1484 333 1509 suam
362 1475 402 1508 et
429 1474 576 1508 creetur
604 1471 644 1508 in
675 1471 786 1508 domo
811 1471 1020 1518 regentium
1044 1474 1084 1507 et
1108 1471 1231 1509 solvat
1254 1472 1491 1508 vniuersitati
1517 1484 1570 1509 xs
1594 1476 1682 1509 ante

226 1531 451 1567 creationem
501 1530 693 1577 (forisfact.
719 1530 852 1578 mar-9.)

133 1592 178 1625 28
194 1589 297 1636 Sept.
315 1592 358 1636 yt
375 1601 451 1625 was
467 1589 650 1635 graunted
668 1589 753 1625 that
770 1589 836 1625 the
852 1588 982 1626 lettres
1005 1601 1087 1626 now
1110 1589 1223 1626 readd
1244 1590 1378 1627 should
1402 1590 1449 1627 be
1471 1590 1594 1627 sealed
1619 1591 1682 1627 w2¹¹

225 1649 291 1686 the
315 1653 488 1685 common
515 1649 612 1685 seale
643 1649 708 1685 viz.
738 1649 870 1686 lettres
895 1649 1150 1698 gratulatorye
1179 1653 1272 1686 vnto
1299 1650 1456 1687 tharche
1485 1650 1619 1697 bishop
1644 1652 1687 1687 of

227 1708 484 1756 Canterburye

1453 2924 1585 2984 24-2*
