2008 3216
182 155 400 211 1564-65]
761 164 912 196 GRAcn
943 164 1066 195 BOOK
1098 163 1128 194 Δ
1643 152 1724 191 189

181 269 407 308 Conceditur
441 273 485 308 15
517 271 542 307 J
544 271 626 308 unii
657 274 701 308 vt
733 270 924 318 respontio
957 268 1167 317 peragenda
1198 269 1238 304 in
1271 267 1451 314 vesperiis
1489 266 1730 302 comitiorum

274 330 529 378 proximorum
545 341 612 377 per
627 330 851 376 magistrum
877 329 1030 365 Hutton
1051 330 1130 363 stet
1150 339 1219 374 pro
1241 325 1542 373 oppositionibus
1563 323 1612 360 ad
1635 335 1730 370 quas

274 392 426 426 tenetur
449 390 595 425 ratione
618 388 757 436 gradus
781 388 840 424 sui
865 386 1093 435 suscipiendi
1117 386 1208 433 quia
1232 385 1309 421 iam
1333 396 1402 431 pro
1426 389 1587 430 Vtroque
1610 383 1728 430 gradu

273 447 479 495 theologico
496 447 692 495 respondit

419 741 582 784 Gratiae
614 741 733 784 varie
765 740 934 783 nullam
965 746 1275 783 concernentes
1307 739 1490 781 formam

181 867 407 905 Conceditur
425 870 466 902 11
487 866 661 903 Octobris
677 869 720 902 vt
736 865 913 902 exercitia
930 865 978 902 ad
995 877 1071 912 que
1087 869 1239 901 tenetur
1261 865 1441 912 magister
1466 864 1566 900 Lane
1587 864 1734 900 ratione

275 926 413 973 gradus
435 925 494 962 sui
517 924 682 972 suscepti
709 924 856 971 possint
882 924 1021 960 mutari
1049 924 1089 959 in
1117 923 1245 959 decem
1273 934 1463 959 sermones
1482 923 1528 959 ad
1552 923 1731 970 populum

276 996 436 1032 quorum
462 996 559 1021 vnus
584 984 635 1020 sit
659 983 708 1019 ad
732 995 880 1019 crucem
905 983 983 1019 divi
1011 983 1116 1018 Pauli
1141 983 1321 1030 quoniam
1350 983 1389 1018 in
1421 982 1604 1018 Hibernia
1633 994 1733 1018 nunc

278 1055 432 1080 versans
457 1043 629 1091 desperet
653 1055 693 1079 se
718 1042 927 1078 rediturum
953 1045 1042 1078 ante
1066 1042 1220 1077 comitia
1245 1042 1415 1089 proxima

183 1102 411 1140 Conceditur
442 1101 572 1138 eodem
609 1104 651 1138 vt
690 1101 871 1138 hodierna
902 1101 1112 1148 disputatio
1145 1113 1218 1148 que
1251 1103 1406 1147 propter
1440 1101 1732 1148 magistratuum

274 1161 494 1197 electionem
518 1163 577 1197 est
602 1160 817 1196 intermissa
841 1172 909 1207 pro
933 1160 1035 1196 facta
1059 1158 1244 1195 habeatur
1266 1159 1391 1206 quoad
1419 1159 1642 1206 magistrum
1666 1160 1733 1207 qui

277 1218 488 1266 disputaret
511 1222 550 1254 et
573 1218 735 1254 bedellos
757 1218 936 1265 quoniam
957 1220 1105 1254 statuto
1125 1220 1279 1253 cautum
1300 1221 1359 1252 est
1382 1229 1428 1252 ne
1450 1217 1542 1264 quid
1562 1217 1672 1253 cedat
1694 1218 1733 1253 in

277 1278 526 1326 preiudicium
551 1277 781 1314 bedellorum

185 1337 412 1375 Conceditur
426 1337 557 1373 eodem
575 1337 753 1384 magistro
769 1337 912 1373 doctori
928 1337 1046 1373 Petne
1059 1339 1102 1372 vt
1118 1335 1238 1383 possit
1255 1347 1379 1382 regere
1397 1340 1436 1371 et
1453 1347 1528 1372 non
1546 1348 1670 1382 regere
1687 1336 1734 1372 ad

279 1397 462 1445 placitum
478 1396 531 1433 sic
549 1401 592 1433 vt
609 1396 732 1432 solvat
751 1396 990 1432 vniuersitati
1007 1408 1054 1431 xx
1066 1408 1084 1431 s

185 1456 280 1493 Cum
297 1456 552 1505 superioribus
568 1455 701 1492 diebus
717 1456 824 1492 litere
841 1468 864 1492 a
880 1455 1101 1502 dignissimo
1119 1458 1248 1490 nostro
1265 1454 1497 1490 Cancellario
1514 1458 1604 1490 sunt
1622 1454 1735 1490 misse

279 1514 327 1551 ad
344 1514 619 1562 prohibendum
643 1517 859 1550 contractus
876 1525 962 1550 cum
979 1512 1178 1560 oppidanis
1199 1511 1418 1548 conceditur
1440 1515 1483 1548 21
1512 1511 1736 1548 Novembris

279 1576 323 1610 vt
337 1573 514 1610 dominus
531 1574 843 1621 procancellarius
860 1573 1031 1620 magistri
1041 1572 1213 1609 doctores
1228 1572 1344 1607 Peme
1359 1572 1538 1608 Hawford
1550 1572 1686 1608 Stokes
1698 1575 1737 1608 et

282 1632 413 1680 Harvy
429 1635 468 1669 et
485 1633 664 1680 magister
681 1632 804 1679 Ledys
820 1632 985 1668 habeant
1001 1632 1274 1668 authoritatem
1295 1630 1530 1678 concipiendi
1553 1630 1736 1678 quasdam

279 1692 459 1728 formulas
476 1691 560 1728 illas
576 1692 705 1728 literas
721 1694 987 1728 concernentes
1004 1694 1043 1727 et
1059 1702 1122 1726 eas
1139 1690 1320 1726 formulas
1337 1702 1462 1726 coram
1481 1690 1587 1726 vobis
1610 1690 1736 1737 legant

280 1753 370 1786 ante
388 1750 530 1786 festum
553 1749 781 1785 Natiuitatis
805 1749 957 1785 Domini
981 1749 1193 1796 proximum
1210 1750 1253 1784 vt
1272 1748 1305 1784 si
1329 1751 1412 1784 tum
1438 1748 1545 1784 vobis
1562 1749 1736 1796 placeant

281 1821 348 1856 pro
364 1813 511 1845 statuto
529 1808 741 1844 habeantur

187 1867 414 1905 Conceditur
447 1871 490 1904 21
526 1867 751 1903 Novembris
786 1867 964 1914 magistro
999 1867 1115 1904 Henr.
1152 1867 1348 1914 Dethycke
1387 1872 1429 1903 vt
1468 1867 1521 1903 sit
1557 1879 1654 1903 vnus
1691 1880 1736 1904 ex
1754 1866 1782 1905 f.
1805 1866 1856 1904 83
1877 1881 1899 1903 a

284 1930 327 1962 12
346 1925 671 1962 concionatoribus
694 1926 763 1962 hoc
785 1938 884 1962 anno
907 1926 1127 1962 emittendis
1152 1937 1218 1973 per
1234 1924 1464 1961 academiam
1482 1930 1522 1961 et
1538 1938 1651 1972 super
1667 1926 1736 1961 hac

281 1986 518 2021 concessione
543 1985 681 2021 habeat
705 1985 834 2021 literas
859 1989 1003 2021 vestras
1027 1985 1149 2032 sigillo
1173 1984 1365 2021 communi
1386 1984 1604 2031 obsignatas
1626 1984 1737 2020 modo

282 2044 386 2092 prius
401 2044 643 2080 concionetur
659 2044 698 2080 in
715 2045 903 2080 academie
921 2045 1064 2091 templo
1079 2050 1169 2081 ante
1185 2044 1381 2080 literarum
1397 2043 1695 2090 obsignationem

190 2102 331 2139 Eadem
355 2103 477 2150 gratia
501 2102 719 2138 conceditur
743 2102 872 2138 eodem
899 2103 1079 2149 magistro
1105 2102 1220 2139 Galfr.
1248 2102 1418 2138 Johnson
1493 2105 1539 2138 26
1563 2103 1736 2138 Januarii

284 2161 463 2207 magistro
490 2160 738 2207 J0.1gu1den
767 2164 807 2196 et
836 2163 883 2196 30
913 2161 1042 2196 Martii
1075 2160 1255 2207 magistro
1287 2160 1453 2196 Johanni
1487 2161 1665 2223 Rowland
1698 2168 1737 2197 et

284 2220 463 2266 magistro
489 2219 648 2255 Ricardo
673 2220 867 2256 Coortesse

190 2278 416 2315 Conceditur
435 2281 478 2314 21
505 2278 729 2314 Novembris
752 2282 794 2314 vt
815 2277 889 2313 due
911 2277 1173 2324 replicationes
1194 2277 1242 2313 ad
1266 2290 1361 2324 quas
1384 2282 1535 2314 tenetur
1558 2279 1737 2325 magister

284 2337 415 2374 doctor
431 2337 519 2373 Cole
535 2338 681 2374 ratione
697 2337 834 2384 gradus
857 2337 916 2372 sui
937 2337 1102 2383 suscepti
1126 2337 1274 2383 possint
1296 2337 1462 2372 converti
1484 2337 1522 2372 in
1544 2337 1639 2373 duos
1661 2350 1734 2373 ser-

285 2409 414 2434 mones
435 2396 484 2433 ad
504 2397 686 2444 populum
705 2397 759 2432 sic
782 2399 824 2432 vt
847 2408 943 2431 vnus
965 2408 1093 2432 eorum
1118 2395 1303 2432 habeatur
1325 2396 1372 2432 ad
1394 2409 1542 2432 crucem
1570 2397 1672 2432 Pauli
1697 2400 1736 2432 et

284 2457 380 2492 alter
395 2456 456 2492 hic
472 2456 510 2492 in
527 2456 716 2492 academie
733 2454 874 2502 templo

191 2513 418 2551 Conceditur
430 2515 476 2549 30
490 2512 714 2549 Novembris
729 2516 770 2548 vt
780 2512 957 2548 dominus
969 2512 1282 2559 procancellarius
1294 2515 1333 2548 et
1345 2513 1440 2548 alter
1453 2521 1737 2560 procuratorum

285 2572 455 2609 deferant
465 2572 593 2607 literas
605 2571 653 2607 ad
668 2572 869 2618 Regineam
885 2571 1123 2607 maiestatem
1136 2574 1175 2606 et
1189 2570 1353 2606 habeant
1366 2582 1548 2618 expensas
1558 2571 1738 2608 allocatas

287 2643 354 2679 per
369 2630 539 2667 doctores
557 2630 735 2666 Hawsord
752 2633 792 2666 et
810 2630 940 2677 Harvy

194 2689 420 2727 Conceditur
436 2691 482 2725 26
498 2689 521 2724 J
523 2700 669 2725 anuaru
689 2692 730 2724 vt
746 2689 933 2724 orationes
949 2699 1017 2734 pro
1033 2687 1222 2723 defunctis
1238 2699 1259 2723 e
1275 2687 1450 2723 fenestris
1474 2688 1608 2724 harum
1633 2689 1737 2724 scho-

287 2749 409 2784 larum
425 2748 622 2784 deleantur
636 2747 685 2783 ad
701 2759 883 2794 expensas
900 2747 1070 2793 magistri
1090 2746 1266 2793 Wythers

195 2807 420 2845 Conceditur
436 2806 566 2843 eodem
583 2810 626 2842 vt
641 2807 818 2842 exercitia
834 2806 882 2842 ad
899 2817 973 2852 que
989 2808 1141 2841 tenetur
1154 2811 1207 2840 m
1219 2804 1350 2840 doctor
1364 2805 1578 2852 Pylkynton
1592 2781 1738 2842 ratione

288 2865 426 2913 gradus
441 2866 500 2902 sui
516 2865 680 2912 suscepti
698 2865 846 2912 possint
861 2863 1002 2900 differri
1019 2863 1067 2898 ad
1083 2863 1254 2910 proxima
1270 2863 1424 2898 comitia
