2008 3216
306 140 389 183 216
900 149 1053 182 emon
1083 149 1207 182 Boou
1238 149 1268 181 Δ
1630 137 1851 194 [1567-68

136 423 165 463 f·
189 424 242 463 94
256 424 285 463 b
655 427 819 470 Gratiae
850 442 937 468 non
969 432 1277 469 concernentes
1308 427 1491 468 formam

302 548 531 585 Conceditur
547 552 594 585 24
611 548 787 585 Octobris
804 547 969 584 Roberto
987 548 1098 584 Some
1114 548 1155 584 in
1172 548 1319 584 artibus
1343 548 1525 595 magistro
1547 551 1590 584 vt
1613 549 1664 585 sit
1687 561 1784 584 vnus
1806 560 1851 585 ex

398 610 442 642 12
465 606 764 654 predicatoribus
785 607 856 642 hoc
878 618 978 642 anno
1000 618 1068 653 per
1089 606 1321 642 academiam
1343 606 1565 642 emittendis
1585 609 1625 643 et
1647 618 1760 654 super
1780 607 1852 642 hac

395 668 522 701 vestra
537 665 776 701 concessione
791 665 922 700 literas
939 663 1078 700 habeat
1095 663 1313 710 obsignatas
1329 663 1453 710 sigillo
1470 667 1595 700 vestro
1612 665 1802 700 communi

302 723 445 759 Eadem
470 724 592 770 gratia
614 723 834 759 conceditur
859 725 880 760 7
906 722 1132 759 Novembris
1157 723 1265 759 Edm.
1293 722 1489 770 Chapman
1514 723 1579 759 W⁰
1602 723 1786 770 Wyckam
1811 724 1851 759 in

395 782 543 818 artibus
560 782 753 829 magistris
768 785 808 818 et
825 782 917 819 Tho.
937 782 1207 829 Carterwright
1218 782 1405 829 theologie
1418 781 1666 818 bachalaureo
1714 785 1760 818 28
1774 783 1851 818 No-

396 841 561 877 vembris
575 841 664 888 Rog.
680 841 807 878 Goade
823 844 863 877 et
877 841 902 877 J
904 853 936 878 o.
952 841 1132 888 Grundye
1149 842 1188 877 in
1206 841 1356 878 artibus
1373 842 1566 888 magistris
1614 845 1660 878 23
1677 842 1701 877 J
1704 842 1851 878 anuarii

395 900 460 936 W⁰
483 900 729 936 Sawnderson
756 899 933 936 Ludovic.
960 899 1160 947 Wylliams
1182 900 1246 936 W⁰
1271 900 1396 936 Tabor
1419 900 1459 935 in
1484 899 1632 944 artibus
1661 901 1851 948 magistris

395 962 443 995 30
458 959 483 994 J
484 959 632 995 anuarii
648 959 673 995 J
674 971 706 995 o.
726 959 807 995 Bell
823 970 927 995 sacre
943 958 1130 1005 theologie
1145 958 1396 995 bachalaureo
1411 958 1436 995 J
1438 971 1469 995 o.
1485 959 1635 1006 Lynsey
1647 959 1688 995 in
1704 959 1851 995 artibus

395 1018 576 1064 magistro
591 1020 632 1053 et
647 1019 687 1052 3⁰
703 1016 899 1053 Februarii
915 1017 1035 1053 Anth.
1054 1016 1180 1053 Fourd
1197 1017 1238 1052 in
1255 1017 1402 1053 artibus
1418 1018 1599 1064 magistro

302 1077 530 1113 Conceditur
539 1079 586 1113 23
596 1076 620 1112 J
622 1076 769 1112 anuarii
782 1080 826 1112 vt
837 1076 1014 1112 dominus
1030 1076 1344 1124 procancellarius
1360 1076 1532 1113 doctores
1550 1077 1668 1114 Perne
1679 1077 1851 1114 Hauford

398 1135 532 1182 Harvy
554 1134 670 1170 Ithell
690 1137 732 1170 et
754 1134 899 1170 Master
921 1134 1087 1170 habeant
1109 1135 1376 1171 auctoritatem
1399 1137 1439 1171 et
1460 1135 1680 1172 facultatem
1702 1136 1851 1172 emendi
1922 1139 1924 1141 ’

397 1197 523 1230 vestra
546 1194 707 1240 pecunia
730 1194 922 1240 quandam
947 1194 1102 1230 domum
1127 1194 1206 1230 sive
1231 1197 1493 1230 tenementum
1519 1206 1607 1230 cum
1631 1195 1711 1231 suis
1735 1195 1849 1242 perti-

396 1253 537 1289 nentiis
553 1253 593 1289 in
610 1253 771 1290 Burwell
787 1253 836 1290 ad
854 1265 965 1290 usum
983 1253 1173 1290 academie
1189 1255 1244 1290 sic
1256 1257 1299 1291 vt
1315 1254 1355 1291 id
1368 1257 1495 1291 ratum
1508 1255 1560 1291 sit
1572 1254 1674 1302 quod
1686 1258 1851 1302 quatuor
1895 1308 1897 1310 q

395 1323 526 1348 eorum
542 1312 700 1349 fecerint

902 1598 957 1639 12
989 1595 1244 1639 Decembris

298 1720 424 1766 Quum
449 1720 530 1758 dies
558 1721 607 1758 ad
634 1720 935 1769 philosophicam
961 1720 1262 1768 disputationem
1291 1732 1358 1768 per
1386 1723 1534 1757 statuta
1560 1721 1742 1769 assignati
1771 1734 1847 1758 non

391 1780 584 1817 sufficiunt
599 1780 859 1817 bachalaureis
874 1780 915 1816 in
931 1779 1080 1816 artibus
1096 1779 1166 1816 hoc
1183 1792 1283 1816 anno
1301 1781 1510 1827 incepturis
1532 1781 1655 1827 placet
1678 1781 1783 1817 vobis
1807 1785 1849 1818 vt

393 1840 527 1887 reliqui
549 1840 630 1877 dies
651 1840 808 1888 profesti
831 1840 871 1876 in
893 1839 1034 1887 quibus
1060 1839 1340 1887 disputationes
1365 1839 1622 1887 philosophice
1649 1852 1847 1877 consueve-

392 1903 483 1937 runt
495 1900 621 1948 peragi
635 1912 703 1948 pro
715 1898 1012 1947 disputabilibus
1021 1902 1248 1935 censeantur
1260 1899 1315 1935 sic
1328 1902 1371 1935 vt
1383 1899 1521 1946 singuli
1534 1900 1682 1936 vnicam
1695 1903 1847 1937 tantum

392 1959 609 1996 huiusmodi
629 1958 968 1996 extraordinariam
988 1958 1289 2006 disputationem
1312 1971 1486 2007 peragere
1508 1960 1654 2006 possint
1676 1960 1786 1997 modo
1809 1960 1847 1996 id

392 2019 460 2055 fiat
476 2018 604 2055 schola
621 2018 879 2066 philosophica
895 2021 1064 2066 tempore
1076 2022 1116 2055 et
1128 2018 1231 2055 horis
1243 2030 1309 2066 per
1321 2021 1468 2055 statuta
1480 2019 1655 2056 limitetis
1668 2020 1848 2067 presenti-

392 2076 464 2114 bus
481 2088 555 2113 vno
575 2080 861 2124 procuratorum
881 2088 948 2113 seu
967 2088 1097 2114 eorum
1118 2077 1257 2113 vicario
1279 2081 1318 2114 et
1341 2076 1485 2114 bedello
1507 2080 1547 2114 et
1569 2078 1672 2114 nulla
1694 2079 1847 2115 omnino

392 2136 460 2172 fiat
482 2135 642 2172 variatio
663 2138 702 2172 et
724 2135 756 2171 si
779 2134 871 2182 quid
893 2135 933 2171 in
956 2135 1190 2171 contrarium
1213 2135 1282 2171 fiat
1303 2138 1346 2172 vt
1368 2135 1476 2172 irrita
1500 2139 1539 2172 et
1563 2136 1687 2173 inanis
1711 2137 1762 2173 sit
1784 2136 1848 2173 illa

391 2193 603 2241 disputatio
618 2196 658 2230 et
674 2195 718 2230 vt
734 2193 896 2241 quilibet
912 2193 1105 2229 licentiam
1123 2196 1230 2240 petat
1247 2205 1270 2230 a
1285 2193 1437 2230 domino
1455 2195 1742 2241 procancellario

298 2253 527 2291 Conceditur
551 2256 595 2290 12
619 2253 838 2290 Decembris
861 2257 904 2290 vt
927 2253 1114 2289 terminus
1139 2252 1319 2289 hodierno
1343 2253 1404 2290 die
1428 2253 1658 2290 dissolvatur
1682 2266 1756 2291 non
1781 2254 1846 2291 ob-

391 2316 519 2349 stante
541 2315 688 2349 statuto
738 2312 800 2349 Ita
822 2316 950 2348 tamen
974 2314 1016 2348 vt
1038 2310 1249 2359 disputatio
1271 2311 1445 2348 habenda
1467 2311 1528 2348 die
1551 2312 1656 2349 Lune
1678 2313 1846 2360 proxime

393 2383 459 2419 pro
476 2371 607 2408 habita
623 2374 822 2408 censeatur
837 2370 962 2419 quoad
979 2370 1204 2418 magistrum
1222 2370 1287 2418 qui
1305 2370 1518 2419 disputaret

298 2430 525 2467 Conceditur
547 2432 592 2468 27
619 2429 813 2467 Februarii
835 2433 877 2467 vt
901 2429 1113 2478 disputatio
1139 2428 1313 2466 habenda
1334 2429 1396 2466 die
1419 2430 1596 2467 Mercurii
1619 2431 1763 2468 scilicet
1784 2432 1845 2469 die

391 2488 559 2525 cinerum
589 2500 656 2536 pro
686 2487 816 2525 habita
845 2491 1043 2526 censeatur
1070 2487 1194 2535 quoad
1225 2488 1446 2535 magistrum
1475 2489 1541 2537 qui
1570 2489 1781 2537 disputaret
1805 2493 1845 2527 et

393 2546 556 2584 bedellos
663 2580 669 2585 .

297 2606 526 2644 Conceditur
545 2609 566 2646 7
591 2606 683 2644 Maii
704 2609 746 2643 vt
765 2618 839 2655 que
858 2609 1006 2644 restant
1027 2605 1205 2643 exercitia
1225 2605 1272 2643 ad
1296 2617 1369 2654 que
1392 2609 1543 2644 tenetur
1564 2607 1740 2645 dominus
1762 2620 1843 2656 pro-

391 2665 635 2702 cancellariue
658 2665 804 2703 ratione
826 2664 966 2713 gradus
987 2665 1153 2713 suscepti
1177 2664 1316 2712 partim
1343 2665 1490 2712 possint
1514 2666 1637 2713 peragi
1663 2666 1843 2714 proximis

390 2724 556 2761 comitiis
572 2724 711 2772 partim
728 2723 897 2772 proximo
913 2735 1014 2761 anno
1030 2724 1210 2772 quoniam
1228 2722 1350 2760 multa
1369 2727 1408 2760 et
1430 2735 1566 2771 magna
1586 2727 1669 2762 tum
1693 2725 1843 2773 publica

391 2786 472 2819 tum
493 2783 639 2830 privata
655 2794 728 2830 que
746 2782 799 2819 illi
819 2781 1046 2820 incumbunt
1063 2783 1213 2830 negocia
1233 2782 1344 2819 aliter
1363 2794 1407 2819 ca
1429 2786 1596 2831 prestare
1619 2795 1694 2820 non
1716 2788 1843 2832 potest

392 2841 504 2889 idque
520 2841 592 2878 nub
610 2853 706 2889 pena
722 2841 909 2878 cautionis
925 2853 993 2878 sue
1042 2841 1239 2888 (forisfecit
1258 2842 1390 2890 marg.)
