2046 3224
216 171 436 229 1546-47]
798 181 951 213 eamn
982 180 1103 212 soor<
1136 180 1166 211 Δ
1707 166 1764 208 43

670 451 978 495 Bacchalaurei
1010 451 1053 494 in
1088 451 1310 510 theologia

215 581 261 618 In
278 582 410 629 primis
425 581 643 618 conceditur
659 581 839 627 magistro
856 579 1030 628 Anlabye
1042 582 1085 616 vt
1101 579 1271 616 studium
1286 581 1307 617 7
1321 591 1505 616 annorum
1524 579 1563 615 in
1582 578 1769 624 theologia

307 645 509 689 postquam
531 641 668 677 rexerit
691 641 729 677 in
753 639 899 677 artibus
921 652 1007 676 cum
1029 640 1178 676 duobus
1202 639 1439 676 sermonibus
1463 650 1537 676 vno
1559 638 1607 675 ad
1627 638 1767 674 clerum

307 701 425 737 altero
446 700 495 737 ad
517 712 664 736 crucem
691 700 797 736 Pauli
822 703 861 736 et
885 711 972 735 cum
994 711 1067 735 vna
1089 699 1330 747 responsione
1354 698 1413 734 vel
1438 697 1612 746 pluribus
1637 697 1669 733 si
1692 696 1767 732 exi-

307 763 446 806 gantur
469 760 566 796 citra
587 759 782 796 commitia
798 759 967 806 proxima
984 758 1055 794 sub
1071 771 1169 806 pena
1185 758 1372 795 cautionis
1389 758 1500 794 realis
1516 758 1552 794 xl
1563 770 1582 793 s
1599 756 1769 804 ponende

309 820 348 856 in
383 819 558 856 manibus
587 823 868 867 procuratorum
899 822 1103 865 antequam
1129 818 1357 854 admittatur
1386 818 1547 854 sufficiat
1571 817 1606 853 ei
1632 816 1680 852 ad
1705 828 1768 863 op-

307 878 524 926 ponendum
541 882 580 914 et
597 877 816 914 intrandum
835 878 872 913 in
891 877 1006 912 libros
1021 878 1295 914 sententiarum
1347 877 1410 913 Sic
1426 876 1526 923 quod
1543 876 1771 913 admittatur

308 941 389 974 tam
405 936 454 974 ad
467 936 731 984 opponendum
744 948 859 983 quam
878 935 1097 972 intrandum
1115 935 1163 971 sd
1181 935 1362 982 placitum
1380 936 1476 971 citra
1493 936 1631 971 festum
1648 935 1769 971 sancti

310 996 482 1032 Barnabe
498 996 711 1044 proximum

216 1055 315 1092 Item
340 1054 557 1091 conceditur
580 1054 760 1101 magistro
784 1054 863 1090 Fan
888 1057 930 1089 vt
952 1053 1121 1090 studium
1144 1057 1290 1100 septem
1313 1064 1497 1089 annorum
1521 1053 1560 1088 in
1586 1052 1772 1099 theologia

308 1116 509 1161 postquam
534 1114 672 1149 rexerit
695 1114 734 1149 in
757 1113 903 1149 artibus
927 1124 1013 1148 cum
1037 1112 1185 1149 duobus
1208 1111 1446 1148 sermonibus
1466 1124 1540 1148 vno
1560 1111 1607 1148 ad
1629 1112 1770 1147 clerum

309 1173 428 1209 altero
444 1173 491 1209 ad
509 1184 657 1209 crucem
676 1172 781 1208 Pauli
795 1175 834 1208 et
851 1183 937 1208 cum
951 1183 1026 1208 vna
1042 1172 1282 1219 responsione
1299 1171 1473 1207 habenda
1488 1182 1587 1206 anno
1602 1170 1771 1217 proximo

309 1231 382 1268 sub
398 1243 496 1279 pena
512 1232 699 1268 cautionis
721 1231 831 1267 realis
857 1231 907 1267 xl·
925 1231 1094 1278 ponende
1111 1232 1150 1267 in
1167 1230 1344 1267 manibus
1367 1234 1650 1278 procuratorum
1667 1233 1768 1266 ante-

308 1302 423 1338 quam
440 1290 669 1327 admittatur
683 1290 847 1326 sufficiat
863 1291 896 1326 ei
914 1290 962 1326 ad
980 1289 1244 1338 opponendum
1262 1294 1302 1325 et
1320 1289 1538 1326 intrandum
1557 1288 1672 1325 libros
1688 1301 1770 1325 sen-

308 1350 515 1386 tentiarum
566 1350 627 1386 Sic
644 1349 744 1396 quod
761 1349 990 1385 admittatur
1006 1348 1053 1384 ad
1071 1348 1252 1396 placitum
1270 1349 1366 1384 citra
1390 1348 1585 1384 commitia
1602 1348 1772 1395 proxima

217 1408 317 1444 Item
343 1408 562 1444 conceditur
586 1409 766 1455 magistro
792 1407 982 1444 Barnardc
1004 1411 1047 1443 vt
1071 1406 1241 1443 studium
1269 1410 1288 1444 7
1312 1418 1497 1443 annorum
1523 1407 1562 1442 in
1587 1406 1772 1453 theologia

311 1470 513 1514 postquam
531 1467 712 1514 inceperit
729 1467 768 1503 in
785 1467 933 1503 artibus
956 1478 1041 1502 cum
1059 1466 1206 1502 duobus
1223 1465 1459 1502 sermonibus
1476 1477 1550 1501 vno
1565 1465 1613 1502 ad
1630 1465 1771 1502 olerum

309 1525 428 1562 altero
451 1526 499 1562 ad
523 1538 670 1563 crucem
697 1527 801 1563 Pauli
824 1530 863 1563 et
885 1538 971 1563 cum
998 1538 1073 1562 vna
1097 1527 1338 1573 responsione
1364 1526 1422 1562 vel
1447 1525 1620 1573 pluribus
1641 1526 1673 1562 si
1696 1526 1770 1562 exi-

309 1587 448 1631 gantur
477 1584 548 1621 sub
577 1597 674 1633 pena
703 1586 889 1622 cautionis
918 1586 983 1622 xls
1013 1585 1184 1632 ponende
1213 1586 1252 1621 in
1287 1585 1463 1622 manibus
1487 1588 1771 1632 procuratorum

309 1645 514 1689 antequam
539 1642 768 1680 admittatur
795 1644 958 1680 sufficiat
985 1643 1019 1679 ei
1050 1643 1098 1680 ad
1125 1643 1388 1691 opponendum
1413 1648 1454 1680 et
1483 1643 1702 1680 intrandum
1732 1644 1771 1679 in

310 1701 424 1738 libros
456 1702 730 1738 sententiarum
804 1703 866 1738 Sic
898 1702 999 1749 qnod
1032 1702 1261 1739 admittatur
1292 1702 1340 1739 ad
1373 1702 1640 1750 opponendum
1674 1704 1772 1739 infra

311 1772 479 1798 mensem
504 1764 544 1798 et
568 1764 646 1797 stet
670 1773 863 1809 opponens
887 1773 1006 1809 vsque
1029 1762 1077 1798 ad
1103 1762 1242 1798 festum
1268 1761 1441 1798 Barnabe

217 1873 317 1910 Item
333 1874 551 1911 conceditur
568 1874 749 1921 magistro
768 1874 956 1911 Assheton
973 1874 1116 1922 collegii
1134 1875 1277 1911 Christi
1295 1879 1337 1911 vt
1358 1875 1528 1912 studium
1547 1879 1567 1914 7
1585 1888 1770 1914 annorum
1789 1870 1817 1910 f·
1845 1871 1892 1908 18
1907 1870 1932 1907 b

311 1933 349 1969 in
375 1933 562 1980 theologia
583 1936 786 1981 postquam
804 1934 942 1970 rexerit
958 1934 997 1970 in
1014 1933 1162 1970 artibus
1178 1945 1264 1970 cum
1281 1934 1429 1971 duobus
1447 1935 1681 1972 sermonibus
1699 1948 1771 1972 vno

309 1991 358 2027 ad
374 1991 515 2028 clerum
531 1991 650 2028 altero
667 1992 714 2028 ad
732 2004 880 2028 crucem
906 1992 1011 2028 Pauli
1029 2004 1116 2028 cum
1134 2004 1208 2028 vna
1230 1993 1470 2040 responsione
1485 2006 1584 2030 anno
1602 1995 1771 2042 proximo

310 2049 382 2086 sub
407 2062 504 2097 pena
528 2051 714 2087 cautionis
739 2051 775 2087 xl
799 2051 1005 2088 solidorum
1028 2051 1199 2098 ponende
1224 2052 1263 2087 in
1287 2052 1462 2088 manibus
1487 2058 1769 2100 procuratorum

311 2112 400 2145 ante
423 2109 504 2145 eius
529 2109 796 2146 admissionem
823 2110 987 2145 sufficiat
1009 2111 1042 2145 ei
1067 2110 1115 2146 ad
1139 2110 1403 2157 opponendum
1425 2116 1465 2147 et
1487 2112 1707 2149 intrandum
1731 2114 1770 2149 in

310 2168 536 2215 theologiam
549 2172 588 2204 et
604 2169 834 2207 admittatur
849 2170 898 2206 ad
915 2170 1097 2218 placitum
1114 2174 1204 2206 ante
1217 2171 1356 2207 festum
1374 2171 1545 2208 Bai-nabe
1558 2173 1770 2220 proximum

219 2227 317 2263 Item
339 2227 558 2264 conceditur
578 2228 757 2274 magistro
778 2227 990 2275 Wylshawe
1013 2233 1054 2264 vt
1077 2229 1248 2265 studium
1270 2232 1290 2267 7
1314 2242 1499 2267 annorum
1523 2232 1561 2268 in
1585 2233 1771 2280 theologia

312 2290 514 2334 postquam
535 2288 672 2324 rexerit
695 2288 733 2323 in
756 2287 903 2324 artibus
928 2300 1014 2325 cum
1037 2288 1184 2325 duobus
1206 2289 1442 2326 sermonibus
1465 2302 1539 2326 vno
1560 2291 1608 2327 ad
1630 2291 1770 2328 clerum

312 2345 430 2381 altero
462 2346 509 2382 ad
543 2358 690 2382 crucem
723 2346 828 2382 Pauli
853 2349 892 2382 et
918 2359 1004 2383 cum
1035 2359 1108 2384 vna
1135 2348 1375 2395 responsione
1404 2349 1577 2385 habenda
1602 2351 1772 2397 proximo

313 2416 412 2441 anno
427 2405 500 2442 sub
517 2417 613 2452 pena
628 2406 815 2442 cautionis
831 2406 942 2442 realis
958 2406 995 2442 xl
1005 2419 1024 2442 s
1046 2407 1217 2454 ponende
1234 2408 1273 2443 in
1291 2408 1466 2445 manibus
1487 2414 1771 2456 procuratorum

313 2467 518 2511 antequam
542 2464 771 2502 admittatur
799 2466 961 2502 sufficiat
984 2466 1019 2502 ei
1049 2466 1097 2503 ad
1123 2466 1387 2514 opponendum
1415 2470 1455 2503 et
1483 2468 1703 2504 intrandum
1732 2469 1771 2505 in

313 2522 428 2559 libros
455 2524 731 2560 sententiarum
758 2524 806 2560 ad
835 2525 1017 2572 placitum
1046 2525 1142 2561 citra
1171 2525 1311 2562 festum
1343 2527 1513 2563 omnium
1546 2527 1771 2564 Sanctorum

316 2582 528 2629 proximum
546 2586 585 2619 et
602 2584 777 2620 conviuet
793 2595 879 2620 cum
897 2584 1029 2620 ceteris
1046 2584 1159 2620 huius
1175 2585 1265 2620 anni
1282 2585 1466 2632 theologie
1483 2585 1760 2623 bacchalaureis

223 2641 366 2678 Eadem
382 2641 505 2688 gratia
519 2641 567 2678 de
584 2641 698 2678 verbo
714 2643 753 2678 in
771 2642 927 2679 verbum
943 2643 1161 2680 conceditur
1177 2644 1357 2691 magistro
1375 2645 1492 2681 Peme
1508 2647 1739 2693 procuratori

222 2700 322 2736 Item
338 2699 555 2736 conceditur
578 2701 759 2748 magistro
775 2701 978 2748 Waclyngc
996 2704 1038 2737 vt
1053 2702 1224 2738 studium
1244 2706 1390 2750 septem
1406 2715 1591 2740 annorum
1610 2706 1651 2741 in
1667 2705 1771 2742 theo-

315 2758 413 2805 logia
437 2761 639 2806 postquam
662 2759 804 2795 ·rexerit
832 2759 872 2795 in
900 2759 1047 2795 artibus
1073 2772 1159 2796 cum
1186 2761 1333 2798 duobus
1359 2762 1595 2799 sermonibus
1622 2754 1697 2800 vno
1724 2765 1772 2801 ad

317 2817 458 2853 clerum
483 2817 602 2854 altero
623 2817 671 2854 ad
694 2829 843 2854 crucem
867 2818 973 2854 Pauli
999 2831 1086 2855 cum
1108 2831 1182 2855 vna
1203 2821 1445 2868 responsione
1466 2822 1525 2858 vel
1547 2822 1718 2869 pluribus
1741 2824 1773 2860 si

317 2875 517 2922 exigantur
540 2876 729 2912 sufficiant
758 2877 791 2912 ei
821 2876 869 2913 ad
897 2878 1160 2926 opppnendum
1190 2879 1229 2914 in
1257 2879 1388 2916 eadem
1412 2883 1452 2916 et
1476 2880 1524 2916 ad
1553 2881 1773 2918 intrandum
1845 2909 1857 2923 .
