2008 3294
85 181 304 239 1573-74]
661 193 813 226 emon
844 192 966 224 BooK
997 192 1028 223 Δ
1547 180 1631 224 273

555 478 763 522 Doctores
793 478 838 521 in
869 477 1021 521 eodem
1046 477 1147 535 jure

78 625 306 663 Conceditur
322 629 368 662 23
382 626 556 663 Octobris
573 626 752 673 magistro
770 625 951 662 Nicholao
968 625 1140 672 Styward
1157 627 1199 660 vt
1215 624 1385 660 studium
1403 627 1424 659 6
1442 635 1627 660 annorum

173 686 212 722 in
238 687 318 722 iure
341 686 441 722 civili
467 689 553 733 post
576 686 732 732 gradum
759 685 1091 721 bacchalaureatus
1117 684 1156 719 in
1181 683 1310 720 eadem
1339 683 1519 719 facultate
1546 694 1626 718 sus-

174 747 325 792 ceptum
357 756 443 781 cum
477 744 776 792 oppositionibus
812 742 1118 791 responsionibus
1150 746 1189 778 et
1225 743 1309 778 aliis
1340 742 1527 778 exercitiis
1562 754 1628 789 per

172 807 318 840 statuta
334 805 526 852 requisitis
548 804 709 840 sufficiat
731 805 766 840 ei
785 804 833 840 ad
856 802 1112 850 incipiendum
1132 802 1171 838 in
1189 800 1318 838 eodem
1331 801 1416 848 jure
1475 801 1626 836 Presen-

172 866 277 899 tatus
293 863 422 900 eodem
439 875 506 910 per
521 863 708 899 doctorem
730 863 843 899 Ithell
1140 902 1143 904 v

77 920 304 958 Conceditur
328 925 365 958 2ο
389 922 412 957 J
416 922 480 958 ulii
508 922 688 968 magistro
713 921 770 958 Jo.
799 922 937 967 Rogers
964 923 1004 956 vt
1029 919 1199 956 studium
1225 922 1245 956 7
1271 930 1456 954 annorum
1482 919 1520 954 in
1546 919 1626 954 iure

172 980 271 1016 civili
295 983 496 1027 postquam
519 981 656 1016 rexerit
679 981 717 1016 in
741 980 887 1016 artibus
904 991 990 1015 cum
1007 978 1307 1026 oppositionibus
1323 982 1391 1014 etc.
1411 978 1573 1013 sufficiat
1591 979 1624 1013 ei

170 1039 218 1074 ad
247 1039 502 1086 incipiendum
532 1040 570 1075 in
595 1039 725 1075 eodem
753 1040 833 1075 iure
888 1039 1131 1075 Presentatus
1156 1040 1194 1072 3⁰
1218 1037 1241 1072 J
1246 1037 1311 1072 ulii
1342 1048 1408 1084 per
1435 1036 1624 1072 doctorem

171 1097 299 1145 Bynge

698 1361 1001 1417 Incorporatus

74 1509 300 1546 Conceditur
325 1513 368 1545 19
395 1509 585 1546 Februarii
610 1509 789 1556 magistro
805 1509 970 1545 Johanni
997 1509 1123 1556 Bellye
1146 1509 1185 1544 in
1208 1508 1399 1544 academia
1419 1508 1622 1545 Oxoniensi

169 1570 206 1606 iu
220 1569 304 1616 jure
321 1570 421 1606 civili
438 1569 579 1606 doctori
599 1574 640 1606 vt
657 1570 707 1605 sit
725 1569 784 1605 hic
803 1570 841 1605 in
858 1569 1012 1605 eiisdexn
1029 1568 1146 1616 gradu
1164 1568 1293 1606 ordine
1310 1572 1349 1604 et
1368 1580 1467 1604 auno
1483 1568 1622 1617 quibus

169 1632 227 1665 est
245 1629 386 1665 Oxouie

526 1886 832 1930 Bacehalaurei
866 1887 910 1929 in
943 1886 1162 1944 theologia

74 2037 300 2074 Conceditur
322 2040 383 2073 23⁰
400 2037 572 2074 Octobris
594 2038 774 2085 magistro
798 2037 908 2073 Petro
926 2037 1057 2073 Shawe
1076 2041 1117 2072 vt
1139 2036 1308 2073 studium
1329 2040 1348 2074 7
1372 2049 1556 2073 annorum
1580 2038 1619 2073 in

166 2097 350 2143 theologia
378 2101 579 2145 postquam
608 2098 744 2133 rexerit
777 2097 815 2132 in
845 2096 991 2133 artibus
1019 2109 1106 2132 cum
1135 2097 1435 2144 oppositionibus
1468 2109 1618 2144 respon-

167 2156 335 2192 sionibus
357 2156 590 2192 sermonibus
609 2160 647 2192 et
670 2156 753 2192 aliis
775 2156 961 2192 exercitiis
984 2168 1050 2204 per
1072 2160 1220 2193 statuta
1241 2158 1435 2204 requisitis
1457 2158 1619 2194 sufficiat

166 2215 199 2250 ei
223 2218 302 2250 tam
318 2214 366 2250 ad
383 2215 645 2262 opponendum
662 2226 777 2262 quam
794 2214 841 2250 ad
865 2215 1084 2252 intrandum
1107 2215 1146 2251 iu
1163 2227 1268 2252 sacra
1285 2216 1470 2262 theologia
1535 2217 1617 2252 Pre-

167 2275 338 2309 sentatus
355 2276 376 2308 2
393 2273 414 2308 J
420 2273 486 2309 ulii
505 2285 570 2320 per
585 2273 773 2309 doctorem
793 2273 970 2310 Hawford
1051 2273 1054 2275 ’

75 2331 215 2368 Eadem
231 2332 351 2378 gratia
363 2332 578 2368 conceditur
591 2333 769 2379 magistro
783 2333 889 2368 Edm.
907 2333 1045 2369 Hound
1094 2334 1336 2369 Presentatus
1349 2346 1415 2381 per
1427 2334 1616 2370 doctorem

168 2389 380 2425 Chaderton
406 2392 448 2425 18
471 2390 494 2425 J
499 2390 577 2426 unii
625 2394 648 2426 :3
673 2390 896 2426 Novembris
919 2392 1098 2437 magistro
1115 2392 1219 2427 Alex.
1241 2392 1323 2439 Key
1374 2392 1618 2428 Presentatus

168 2451 214 2484 26
235 2448 425 2484 Februarii
446 2461 512 2495 per
533 2449 720 2485 doctorem
747 2450 924 2486 Hawford
976 2453 1018 2486 15
1044 2450 1234 2486 Februarii
1257 2451 1435 2497 magistro
1454 2450 1617 2486 Roberto

169 2508 316 2554 wyllan
371 2509 612 2544 Presentatus
647 2511 690 2544 18
723 2509 746 2544 J
750 2510 829 2545 unii
862 2522 928 2556 per
955 2509 1143 2546 doctorem
1178 2509 1391 2545 Chaderton
1449 2513 1493 2546 10
1525 2510 1616 2546 Maii

168 2567 345 2613 magistro
374 2567 531 2614 Degorio
561 2568 689 2604 Nicols
713 2572 752 2604 et
778 2569 955 2615 magistro
982 2569 1182 2605 Laurentio
1212 2569 1523 2615 Whayshyngwn
1578 2573 1617 2604 5⁰

166 2625 189 2659 J
194 2625 271 2660 unii
289 2625 467 2671 magistro
490 2625 598 2661 Abeli
622 2626 758 2673 Smyth
777 2633 815 2662 et
833 2627 992 2663 Ricardo
1013 2628 1160 2662 Fawcet
1210 2627 1418 2662 Presentati
1445 2630 1488 2662 18
1508 2627 1615 2662 Junii

166 2695 232 2730 per
262 2684 450 2719 doctorem
483 2685 695 2721 Chaderton
746 2689 784 2721 et
816 2689 858 2722 18
887 2687 993 2722 Junii
1024 2686 1187 2722 Roberto
1217 2687 1311 2733 Jaye
1374 2686 1615 2721 presentatus

168 2745 213 2778 26
237 2743 342 2778 Junii
367 2755 432 2789 per
455 2743 643 2779 doctorem
669 2744 811 2792 [blank]

180 2960 213 2989 ι,-
236 2961 287 2990 lv,
1456 2954 1504 2992 18
