2008 3216
113 160 333 218 1556-57]
630 216 633 217 ⁷
694 169 846 203 emes
876 169 1002 202 BOOK
1033 170 1063 200 Δ
1576 156 1658 200 117

203 275 531 313 determinandum
555 287 643 312 cum
664 274 798 311 ceteris
820 273 934 310 huius
955 272 1047 309 anni
1070 271 1429 309 determinatoribus
1476 271 1539 308 Sic
1560 271 1662 319 quod

201 335 283 372 eius
324 335 486 372 eruditio
523 338 564 371 et
605 345 728 370 mores
770 333 876 381 prius
920 331 1184 369 examinentur
1223 333 1263 367 et
1302 330 1560 378 approbentur
1595 342 1663 378 per

204 393 436 441 oppositores
467 392 581 428 huius
613 392 703 428 anni
731 397 771 428 et
802 392 880 427 stet
911 390 951 427 in
983 389 1122 426 scholis
1154 400 1242 425 cum
1274 388 1409 425 ceteris
1441 400 1508 436 per
1538 390 1662 425 totam

203 451 527 499 quadragesimam
735 495 741 498 .

110 511 210 548 Item
242 511 460 547 conceditur
487 510 627 546 Joanni
656 509 763 546 Todd
791 511 836 546 vt
865 511 910 545 12
938 508 1092 545 termini
1121 508 1161 544 in
1189 507 1330 555 quibus
1357 506 1536 544 lectiones
1564 505 1662 542 ordi-

203 569 329 606 narias
368 569 518 606 audiuit
553 569 642 606 licet
677 581 752 605 non
785 568 938 605 omnino
971 567 1178 604 secundum
1210 567 1371 603 formam
1403 565 1542 602 statuti
1574 577 1662 602 cum

203 628 504 677 oppositionibus
532 631 571 666 et
598 627 906 676 responsionibus
934 626 1128 675 requisitis
1156 626 1346 662 sufficiant
1373 625 1408 662 ei
1434 624 1483 661 ad
1511 636 1662 672 respon-

204 687 371 724 dendum
395 687 587 734 questioni

109 746 252 783 Eadem
275 746 397 794 gratia
420 746 468 783 de
494 745 607 782 verbo
632 746 672 782 in
699 745 857 786 verbum
888 744 1106 782 conceditur
1136 743 1301 780 Henrico
1331 742 1508 791 Dethyck
1537 742 1661 779 Chris-

205 805 324 842 tofero
350 805 494 853 Lynley

111 864 212 900 Item
245 863 462 900 conceditur
494 863 636 900 Thome
670 863 816 911 Bewley
845 866 889 899 vt
923 865 964 898 11
995 861 1149 898 termini
1180 872 1268 897 cum
1300 872 1344 897 eo
1372 861 1411 897 in
1440 873 1515 908 quo
1542 859 1663 896 deter-

205 923 419 960 minaturus
436 925 495 959 est
515 923 554 959 in
571 922 710 970 quibus
730 922 909 958 lectiones
925 921 1134 958 ordinarias
1150 919 1298 957 audiuit
1314 920 1402 956 licet
1419 932 1492 956 non
1511 920 1664 956 omnino

204 983 410 1019 secundum
435 983 595 1019 formam
619 983 757 1019 statuti
783 994 870 1019 oum
894 980 1196 1029 oppositionibus
1220 983 1259 1016 et
1280 980 1586 1027 responsionibus
1608 991 1663 1016 re-

204 1043 356 1090 quisitis
372 1043 560 1079 sufficiant
576 1043 610 1078 ei
627 1042 675 1079 ad
692 1041 995 1090 respondendum
1011 1040 1201 1088 questioni

110 1101 429 1138 Determinatores
451 1101 594 1148 collegii
620 1100 769 1148 Regalis
791 1100 861 1136 hoc
884 1111 983 1136 anno
1003 1110 1072 1146 pro
1094 1098 1234 1145 quibus
1257 1098 1361 1134 nulla
1381 1098 1440 1133 vel
1462 1098 1583 1144 petita
1606 1098 1664 1134 vel

205 1172 379 1196 concessa
395 1160 470 1196 fuit
485 1160 607 1207 gratia
623 1159 767 1196 domini
784 1159 943 1196 Somner
959 1159 1066 1206 Ryve
1084 1157 1298 1205 Raynoldes
1315 1157 1431 1204 Fryer
1447 1157 1663 1204 Thompson

206 1219 332 1267 Drury
347 1222 388 1256 et
405 1219 540 1267 Tayler

111 1278 209 1315 Item
242 1277 460 1314 conceditur
492 1276 680 1313 Richardo
713 1277 898 1313 Sherman
926 1279 969 1313 vt
1001 1290 1025 1313 x
1054 1276 1207 1312 termini
1241 1276 1281 1311 in
1313 1274 1453 1322 quibus
1485 1275 1663 1312 lectiones
1681 1274 1708 1314 f.
1732 1274 1782 1312 46
1799 1274 1825 1312 b

205 1337 412 1374 ordinarias
435 1336 585 1373 audiuit
609 1337 697 1373 licet
722 1348 798 1373 non
823 1337 976 1373 omnino
1001 1336 1209 1373 secundum
1234 1336 1394 1372 formam
1417 1335 1554 1371 statuti
1577 1347 1664 1371 cum

206 1396 506 1444 oppositionibus
534 1400 573 1433 et
602 1395 909 1444 responsionibus
937 1396 1131 1444 requisitis
1159 1396 1348 1432 sufficiant
1376 1396 1410 1431 ei
1439 1395 1487 1431 ad
1514 1407 1664 1443 respon-

206 1455 372 1492 dendum
396 1455 586 1503 questioni

113 1515 212 1552 Item
235 1514 452 1551 conceditur
468 1514 657 1551 Willelmo
681 1515 838 1562 Hughes
859 1518 902 1551 vt
923 1518 946 1551 9
966 1515 1119 1551 termini
1144 1515 1182 1550 in
1205 1513 1344 1561 quibus
1366 1514 1546 1550 lectiones
1569 1513 1664 1550 ordi-

206 1573 331 1610 narias
367 1573 516 1610 audiuit
552 1574 640 1610 licet
677 1586 753 1610 non
787 1575 941 1610 omnino
974 1573 1180 1611 secundum
1214 1574 1373 1610 formam
1408 1573 1546 1609 statuti
1579 1585 1665 1609 cum

207 1633 507 1680 oppositionibus
535 1636 575 1670 et
603 1633 909 1681 responsionibus
938 1634 1131 1681 requisitis
1160 1633 1349 1669 sufficiant
1376 1633 1409 1668 ei
1438 1632 1486 1668 ad
1515 1645 1664 1680 respon-

207 1692 373 1728 dendum
406 1692 596 1740 questioni
629 1693 808 1739 quoniam
849 1705 992 1729 annum
1033 1693 1246 1740 proximum
1287 1693 1369 1728 sine
1402 1693 1566 1728 maximo
1598 1703 1667 1727 suo

207 1751 436 1789 detrimento
461 1755 657 1800 expectem
681 1765 758 1789 non
782 1755 908 1800 potest

174 2073 398 2116 Numerus
430 2072 839 2116 bacchalaureorum
871 2074 916 2116 in
948 2073 1118 2116 artibus
1148 2073 1275 2116 iuxta
1304 2073 1605 2117 senioritatem

331 2232 518 2280 113rydges
790 2233 949 2270 Somner
1194 2234 1379 2270 Sherman

351 2291 470 2338 Bulye
791 2293 915 2340 Longe
1194 2294 1340 2341 Tylney

351 2350 478 2387 Todde
788 2352 901 2399 Guyn
1194 2353 1311 2400 Fryer

352 2410 480 2447 Oobbe
791 2412 930 2448 Ranow
1193 2412 1385 2448 Thomson

352 2470 485 2506 Dowse
791 2471 895 2518 Ryve
1195 2471 1365 2508 Oowlton

350 2528 552 2565 Rowlande
789 2529 1014 2576 Haryngton
1194 2530 1320 2578 Drury

352 2587 504 2635 Hyckes
790 2588 933 2636 Lynley
1193 2590 1330 2638 Tayler

351 2646 487 2692 Hughs
789 2647 908 2695 Legge
1194 2648 1376 2696 Beuerley

351 2704 548 2752 Dethycke
787 2706 999 2753 Raynoldes
1190 2707 1349 2754 Smythe

201 2880 214 2902 ¹
237 2881 348 2915 These
363 2891 485 2916 names
500 2892 558 2916 are
573 2883 742 2925 arranged
757 2884 795 2916 in
811 2894 877 2917 one
892 2885 1033 2917 column
1049 2884 1154 2926 along
1169 2885 1229 2918 the
1244 2885 1379 2918 bottom
1395 2887 1434 2919 of
1447 2887 1472 2921 f.
1491 2887 1534 2920 46
1546 2896 1578 2920 s.
