2008 3216
173 144 390 202 1559-60]
754 152 905 185 amca
936 151 1061 184 BOOK
1091 151 1121 183 Δ
1638 141 1721 183 139

172 258 400 295 Conceditur
417 261 462 295 26
479 257 652 294 Januarii
673 260 716 293 vt
733 257 903 303 magistri
927 255 1064 292 Curtes
1086 258 1126 291 et
1148 254 1329 290 Rowland
1351 255 1430 290 sint
1451 253 1726 289 examinatores

266 318 604 365 questionistarum
629 316 700 352 hoc
725 327 824 352 anno

174 375 401 413 Conceditur
431 375 562 412 eodem
594 377 637 412 vt
668 373 959 411 determinaturi
990 372 1139 421 possint
1167 370 1392 420 respondem
1417 370 1607 418 questioni
1638 372 1726 418 post

268 435 567 483 purificationem
584 433 692 470 beate
710 433 829 470 Maris
845 444 920 469 non
937 431 1115 469 obstante
1131 433 1279 468 statuto

174 494 400 531 Conceditur
413 496 435 530 9
449 493 642 530 Februarii
655 499 697 529 vt
709 492 887 547 dominus
902 492 1228 529 vicecancellarius
1239 491 1370 527 doctor
1385 490 1539 527 Walker
1554 490 1726 537 magistri
1742 489 1767 526 f.
1791 488 1842 526 55
1863 487 1889 524 b

271 553 444 590 Hauford
472 555 512 589 et
545 552 676 589 Ebden
709 553 857 599 possint
889 555 1015 588 vestra
1046 551 1278 587 authoritate
1304 550 1533 586 constituere
1559 549 1726 596 precium

269 611 403 648 domus
429 611 540 648 modo
564 611 685 657 legate
710 610 956 647 vniuersitate
983 610 1064 656 (sic)
1093 622 1160 658 per
1184 609 1407 656 magistrum
1433 609 1556 645 Meers
1579 612 1620 644 et
1643 620 1726 644 eam

268 669 460 706 dimittere
483 669 532 706 ad
557 669 701 705 firmam
729 681 796 716 pro
820 668 947 715 spacio
971 668 1030 715 xxj
1053 679 1238 704 annorum
1258 667 1314 704 ita
1336 669 1379 703 vt
1400 666 1586 714 sigilletur
1606 666 1728 713 sigillo

269 729 459 764 communi
484 727 584 775 quod
610 727 779 764 vnanimi
803 739 990 763 concensu
1013 726 1248 763 decreverint

175 787 402 824 Conceditur
417 789 464 823 23
481 786 675 823 Februarii
701 789 744 823 vt
766 785 846 822 dies
870 786 975 822 Lune
997 789 1035 822 et
1059 785 1196 822 Martis
1218 786 1258 821 in
1280 784 1526 832 carnisprivio
1547 785 1627 820 sint
1648 784 1729 820 dies

271 858 346 883 non
362 845 529 893 legibiles
546 858 614 882 nec
636 845 885 893 disputabiles
906 858 981 882 non
1001 845 1178 882 obstante
1200 848 1348 882 statuto
1370 845 1436 881 sed
1454 848 1583 881 tamen
1604 844 1729 891 quoad

270 905 469 952 magistros
485 904 742 952 disputatores
758 907 797 940 et
814 903 977 940 bedellos
993 915 1062 952 pro
1078 903 1373 952 disputabilibus
1389 907 1614 940 censeantur

177 964 404 1002 Conceditur
438 967 482 1002 17
517 965 609 1000 Maii
643 967 686 1000 vt
717 964 849 1000 doctor
883 964 1001 1011 Porye
1033 964 1154 1012 possit
1185 975 1311 1010 regere
1343 967 1382 999 et
1415 975 1491 999 non
1529 975 1654 1010 regere
1682 963 1729 999 ad

269 1024 451 1072 placitum
475 1024 529 1060 sic
553 1027 598 1060 ut
621 1024 743 1060 solvat
769 1023 1022 1060 Vniuersitati
1046 1035 1122 1059 xxs

177 1082 402 1119 Conceditur
420 1084 463 1120 17
482 1083 574 1118 Maii
590 1085 633 1118 vt
648 1081 926 1128 disputationes
943 1081 1063 1118 fiende
1080 1082 1119 1117 in
1138 1080 1371 1117 hebdomeda
1390 1081 1475 1127 (sic)
1493 1081 1730 1127 rogationum

270 1143 440 1190 proxima
461 1143 540 1179 sint
561 1146 744 1189 tanquam
764 1142 863 1178 facte
886 1145 969 1178 tum
991 1141 1115 1188 quoad
1139 1140 1339 1187 magistros
1361 1140 1624 1187 disputaturos
1646 1143 1730 1176 tum

271 1203 386 1239 etiam
411 1203 534 1249 quoad
560 1201 722 1238 bedellos

178 1261 404 1298 Conceditur
438 1264 483 1297 14
515 1261 538 1297 J
542 1261 622 1297 unii
649 1273 736 1296 cum
768 1272 813 1296 ex
845 1260 1005 1307 antiquo
1037 1263 1160 1296 rector
1190 1259 1344 1295 ecclesie
1376 1258 1423 1295 de
1453 1259 1612 1295 Burwell
1645 1271 1729 1294 con-

272 1321 437 1356 sueverit
461 1320 624 1367 propriis
647 1319 728 1355 suis
752 1318 970 1366 sumptibus
992 1318 1091 1354 alere
1114 1318 1290 1354 clericum
1316 1318 1566 1364 parochialem
1592 1317 1731 1353 ibidem

273 1379 396 1426 placet
413 1378 520 1414 vobis
544 1379 634 1415 dare
659 1378 897 1425 parochianis
921 1376 1061 1413 ibidem
1083 1377 1283 1413 annuatim
1307 1376 1342 1422 vj
1356 1388 1375 1411 s
1398 1375 1498 1422 viijd
1522 1376 1560 1412 in
1586 1379 1731 1422 partem

275 1439 563 1475 sustentationis
579 1437 671 1474 dicti
689 1437 814 1474 clerici
831 1441 870 1474 et
887 1437 926 1473 in
942 1439 1190 1483 augmentum
1208 1435 1345 1472 vicarie
1367 1435 1508 1471 ibidem
1532 1435 1732 1471 concedere

273 1498 472 1534 annuatim
489 1497 628 1534 vicario
645 1496 825 1533 moderno
842 1496 926 1544 xxvj
942 1508 961 1532 s
977 1496 1040 1543 viij
1056 1495 1082 1532 d

179 1557 408 1594 Conceditur
424 1559 469 1593 22
487 1556 510 1593 J
515 1556 594 1592 unii
611 1559 654 1592 vt
670 1556 809 1603 gradus
825 1558 864 1591 et
881 1555 1033 1591 honoris
1049 1555 1187 1591 titulus
1203 1566 1277 1601 que
1293 1554 1384 1590 olim
1408 1554 1573 1590 Martino
1591 1554 1733 1590 Bucero

273 1618 312 1652 et
342 1616 458 1652 Paulo
493 1615 631 1662 Phagio
664 1614 825 1662 publicis
858 1615 972 1651 huius
997 1614 1188 1651 academie
1213 1614 1401 1660 suffragiis
1424 1613 1602 1660 adempta
1626 1617 1734 1649 erant

273 1675 428 1711 eiisdem
457 1675 496 1710 in
526 1675 715 1721 integrum
748 1674 1000 1710 restituantur
1032 1676 1072 1709 et
1104 1685 1235 1709 omnes
1267 1676 1376 1708 actus
1408 1676 1539 1708 contra
1570 1685 1634 1708 eos
1665 1676 1734 1708 aut

273 1745 402 1770 eorum
426 1733 637 1770 doctrinam
661 1733 924 1770 rescindantur

802 1849 869 1891 (fo.
895 1849 966 1882 56a
989 1849 1106 1891 blank)

667 2102 976 2146 Bacchalaurei
1008 2103 1051 2145 in
1085 2102 1255 2145 artibus
1751 2114 1777 2152 f,
1802 2113 1852 2152 56
1870 2112 1896 2151 b

185 2225 411 2264 Conceditur
438 2226 461 2260 8
485 2224 579 2262 Julii
607 2227 698 2261 1559
726 2224 817 2262 Rob.
855 2225 968 2272 Kyng
996 2229 1037 2260 vt
1067 2227 1110 2260 12
1137 2225 1289 2260 termini
1323 2225 1363 2260 in
1389 2224 1529 2271 quibus
1557 2225 1735 2261 lectiones

280 2285 487 2322 ordinarias
511 2285 657 2321 audivit
681 2284 770 2321 licet
794 2296 869 2320 non
895 2285 1049 2320 omnino
1073 2283 1280 2320 secundum
1305 2283 1464 2319 formam
1489 2285 1626 2320 statuti
1648 2297 1735 2321 cum

279 2345 584 2393 responsionibus
616 2347 657 2381 et
685 2344 986 2392 oppositionibus
1010 2343 1203 2391 requisitis
1235 2343 1424 2379 sufficiant
1448 2344 1482 2380 ei
1511 2344 1560 2380 ad
1584 2356 1735 2392 respon-

280 2404 445 2442 dendum
469 2403 658 2450 questioni

187 2463 414 2501 Conceditur
439 2466 483 2498 15
509 2461 727 2499 Decembris
752 2461 800 2497 H.
829 2460 994 2497 Holland
1020 2464 1062 2496 vt
1091 2463 1134 2496 12
1158 2460 1311 2496 termini
1334 2460 1373 2496 in
1396 2460 1536 2507 quibus
1559 2461 1737 2498 lectiones

282 2521 488 2558 ordinarias
512 2520 662 2556 audiuit
686 2519 774 2555 licet
799 2531 874 2555 non
899 2519 1052 2555 omnino
1076 2518 1284 2555 secundum
1307 2519 1467 2554 formam
1491 2521 1628 2556 statuti
1650 2533 1737 2556 cum

282 2578 582 2628 oppositionibus
613 2577 919 2624 responsionibus
951 2580 990 2613 et
1021 2577 1106 2613 aliis
1138 2577 1326 2613 exercitiis
1362 2589 1429 2624 per
1460 2578 1560 2625 regia
1591 2582 1739 2616 statuta

282 2639 473 2687 requisitis
497 2638 685 2675 sufficiant
709 2637 743 2673 ei
768 2636 816 2673 ad
841 2637 1142 2684 respondendum
1166 2637 1356 2684 questioni

187 2699 329 2736 Eadem
353 2699 474 2746 gratia
495 2697 711 2734 conceditur
732 2696 862 2732 eodem
888 2696 1052 2733 Roberto
1075 2697 1222 2732 Norton
1246 2696 1399 2743 Hugoni
1426 2696 1619 2733 Castelton
1695 2702 1736 2734 15

283 2757 307 2794 J
311 2757 456 2793 anuarii
493 2756 641 2792 Danieli
674 2754 891 2802 Wythipole
924 2755 991 2792 Ed.
1026 2756 1192 2803 Buckley
1225 2755 1248 2791 J
1252 2767 1284 2792 0.
1318 2756 1475 2802 Dakyns
1506 2756 1564 2792 J0.
1600 2758 1738 2794 Dowke

287 2816 459 2863 Philippo
492 2815 654 2862 Coopley
680 2814 771 2850 Rob.
807 2814 910 2850 Cono
941 2815 998 2851 W.
1031 2815 1178 2851 Palmer
1206 2814 1301 2851 oliv.
1329 2815 1461 2851 Carter
1488 2815 1556 2852 Ed.
1587 2816 1739 2864 Deryng

284 2875 391 2911 Geor.
410 2874 538 2910 Bonde
563 2873 732 2910 Gilberto
758 2873 913 2910 Holmes
985 2876 1032 2910 26
1056 2874 1227 2910 Januarii
1254 2874 1331 2910 Ric.
1358 2874 1472 2921 Kyng
1494 2874 1585 2911 Tho.
1609 2875 1737 2912 Collen
