2008 3216
329 163 412 206 206
921 173 1072 205 eRAcs
1102 173 1227 205 BOOK
1258 173 1288 204 Δ
1660 162 1878 220 [1566-67

422 278 570 312 statuta
585 276 779 322 requisitis
794 275 1031 323 perficiendis
1053 276 1153 312 infra
1174 288 1317 312 annum
1338 288 1405 313 sue
1426 277 1668 314 admissionis
1687 277 1760 314 sub
1779 289 1877 325 pena

424 336 485 371 xli
507 335 666 382 ponend.
684 339 753 372 etc.
773 335 935 371 sufficiat
957 336 991 371 ei
1014 335 1063 371 ad
1089 335 1346 382 incipiendum
1369 336 1407 372 in
1431 348 1537 373 sacra
1553 336 1741 384 theologia
1789 337 1875 372 Pre-

423 397 596 430 sentatus
614 397 656 430 31
678 395 770 430 Maii
787 407 854 441 per
869 394 1062 431 doctorem
1082 395 1261 431 Hawford

329 453 556 490 Conceditur
572 456 615 489 31
641 453 733 489 Maii
755 457 798 490 vt
821 453 1000 490 admissio
1023 453 1194 500 magistri
1217 454 1336 490 Riohi.
1363 455 1608 502 Longeworth
1629 455 1678 491 ad
1701 455 1881 502 incipien-

422 511 513 548 dum
539 512 579 547 in
603 511 791 558 theologia
812 523 929 558 quam
954 512 988 548 ei
1014 524 1135 559 nuper
1160 513 1397 549 concessistis
1426 516 1503 549 stet
1527 513 1560 549 ei
1587 525 1655 561 pro
1684 512 1882 560 completis

421 571 540 619 gradu
556 575 595 608 et
611 572 732 608 forma
747 572 966 608 doctoratus
982 572 1022 607 in
1035 572 1166 609 eadem
1179 573 1359 619 quoniam
1372 573 1594 619 gravissima
1606 573 1640 609 ei
1654 572 1882 608 incumbunt

421 630 573 676 negocia
589 630 645 665 ita
658 633 701 666 vt
716 630 798 666 sine
816 642 950 677 magno
967 630 1050 667 eius
1066 631 1303 667 incommodo
1320 631 1501 678 proximis
1517 631 1682 667 comitiis
1699 631 1881 667 interesse

421 699 497 723 non
514 688 635 734 possit
1053 730 1058 734 ,

326 746 554 784 Conceditur
584 748 627 783 17
657 746 831 782 Januarii
864 747 1045 793 magistro
1075 747 1131 783 Jo.
1162 747 1404 794 Whightgyft
1436 750 1480 784 vt
1512 747 1682 784 studium
1715 751 1880 796 quatuor

419 817 604 841 annorum
627 806 667 841 in
688 805 876 852 theologia
896 809 983 853 post
1005 805 1163 852 gradum
1186 806 1424 843 bachalaurei
1444 807 1484 843 in
1508 806 1637 843 eadem
1662 812 1880 855 susceptum

420 877 506 900 cum
536 863 836 911 oppositionibus
865 868 903 900 et
932 865 1173 911 responsione
1198 865 1330 901 habita
1354 866 1393 901 in
1418 866 1584 902 comitiis
1607 878 1708 903 anno
1733 867 1879 904 domini

422 925 515 959 1564
532 935 616 958 cum
635 922 874 959 sermonibus
890 926 930 959 et
946 923 1031 959 aliis
1047 923 1235 959 exercitiis
1251 936 1318 971 per
1334 926 1483 960 statuta
1499 924 1692 971 requisitis
1717 926 1880 962 sufficiat

419 983 453 1018 ei
470 982 518 1018 ad
536 982 792 1029 incipiendum
809 983 848 1018 in
866 994 972 1018 sacra
989 982 1176 1029 theologia
1192 984 1246 1019 sic
1262 989 1306 1019 vt
1322 983 1547 1030 respondeat
1564 984 1604 1020 in
1621 985 1878 1031 proximorum

419 1042 658 1078 comitiorum
675 1042 856 1089 vesperiis
873 1042 904 1078 si
923 1054 1017 1089 opus
1033 1043 1148 1078 fuerit

325 1100 553 1136 Conceditur
575 1103 617 1136 31
648 1100 740 1135 Maii
763 1100 946 1147 magistro
972 1100 1064 1138 Tho.
1088 1101 1253 1148 Spencer
1277 1104 1320 1137 vt
1341 1101 1513 1137 studium
1538 1101 1598 1149 xvj
1623 1114 1810 1139 annorum
1837 1103 1878 1140 in

418 1159 605 1205 theologia
621 1162 824 1206 postquam
841 1159 977 1195 rexerit
995 1160 1034 1195 in
1051 1160 1200 1196 artibus
1217 1159 1372 1196 Oxoniis
1389 1172 1476 1196 cum
1493 1160 1794 1208 oppositionibus
1817 1165 1878 1199 etc

418 1217 654 1265 perficiendis
679 1217 778 1253 infra
802 1229 946 1254 annum
971 1229 1039 1254 sue
1063 1218 1305 1255 admissionis
1329 1218 1402 1255 sub
1425 1231 1523 1266 pena
1547 1220 1607 1256 xli
1633 1220 1805 1267 ponenda
1837 1221 1877 1257 in

418 1276 594 1312 manibus
606 1279 891 1323 procuratorum
904 1277 959 1312 sic
971 1277 1088 1313 etiam
1102 1279 1143 1313 vt
1153 1277 1396 1314 concionetur
1408 1277 1455 1314 ad
1469 1278 1652 1325 populum
1663 1279 1703 1315 in
1715 1279 1881 1317 comitiis

418 1336 598 1383 proximis
622 1336 785 1372 sufficiat
809 1336 843 1371 ei
868 1336 917 1372 ad
941 1336 1199 1383 incipiendum
1226 1337 1265 1373 in
1291 1348 1397 1373 sacra
1429 1337 1615 1384 theologia
1676 1337 1879 1376 Admissus

419 1397 465 1430 28
482 1394 506 1430 J
509 1395 589 1431 unii
606 1398 847 1442 presentatus
863 1406 930 1442 per
945 1395 1138 1431 doctorem
1156 1395 1336 1432 Hawford
1354 1396 1514 1443 (peregit
1530 1396 1659 1433 omnia
1675 1398 1811 1446 mar-9.)

896 1659 1059 1702 Eorum
1091 1659 1300 1716 professio

323 1786 368 1821 ln
384 1785 445 1821 dei
462 1784 613 1820 nomine
636 1784 760 1820 Amen
809 1784 888 1830 Ego
909 1783 956 1820 N.
977 1783 1024 1821 N.
1046 1795 1091 1820 ex
1113 1783 1240 1820 animo
1260 1783 1466 1831 amplector
1488 1783 1705 1820 vniuersam
1729 1795 1874 1820 sacram

414 1843 638 1890 scripturam
651 1842 869 1878 canonicam
880 1842 997 1879 veteri
1010 1845 1049 1878 et
1062 1854 1159 1879 novo
1171 1844 1400 1879 testamento
1413 1842 1720 1890 comprehensam
1733 1843 1875 1879 omnia-

413 1915 487 1950 que
503 1903 568 1939 illa
584 1915 658 1950 que
674 1914 762 1938 vera
777 1902 932 1938 ecclesia
943 1902 1085 1938 Christi
1100 1905 1233 1939 sancta
1245 1910 1284 1939 et
1297 1902 1503 1950 apostolica
1516 1902 1630 1939 verbo
1645 1902 1705 1939 dei
1723 1901 1876 1939 subdita

413 1965 454 1999 et
480 1962 611 1998 eodem
639 1960 848 2008 gubernata
880 1961 1025 2008 respuit
1058 1973 1193 2009 respuo
1225 1973 1299 2008 que
1331 1964 1438 1998 tenet
1470 1964 1580 1998 teneo
1646 1961 1692 1997 In
1725 1961 1876 2009 hiisque

414 2020 589 2058 omnibus
611 2021 659 2058 ad
683 2021 795 2058 finem
820 2033 938 2068 vsque
963 2022 1041 2058 vite
1065 2021 1292 2069 permanebo
1317 2022 1397 2058 Deo
1421 2021 1515 2058 mihi
1540 2033 1609 2069 pro
1632 2033 1782 2058 summa
1806 2033 1876 2058 sua

415 2082 669 2120 misericordia
692 2081 853 2129 gratiam
878 2083 1073 2130 prestante
1096 2093 1164 2129 per
1189 2081 1385 2118 Christum
1410 2081 1543 2118 Jesum
1592 2080 1716 2117 Amen

154 2354 180 2393 f.
205 2355 256 2392 90
277 2355 302 2392 b
681 2338 846 2383 Gratioe
878 2352 963 2381 non
995 2340 1306 2380 concernentes
1335 2335 1516 2378 formam

318 2465 547 2503 Conceditur
568 2463 674 2512 xvij⁰⁰
697 2462 871 2500 Octobris
894 2465 936 2500 vt
959 2461 1136 2499 dominus
1158 2460 1470 2509 procancellarius
1492 2460 1664 2498 doctores
1692 2461 1871 2498 Hawford

414 2524 502 2571 May
538 2522 689 2559 Hutton
722 2522 753 2558 &
786 2521 917 2569 Harvy
952 2520 1134 2568 magistri*
1158 2519 1298 2557 Leedes
1329 2523 1370 2557 et
1406 2523 1665 2567 procuratores
1705 2518 1871 2557 habeant

411 2582 676 2620 auctoritatem
697 2584 737 2618 et
758 2580 977 2617 facultatem
1001 2579 1150 2616 emendi
1174 2582 1300 2616 vestra
1323 2578 1481 2626 pecunia
1501 2578 1694 2626 quandam
1715 2578 1871 2616 domum

411 2643 491 2679 sive
509 2645 766 2678 tenementum
784 2651 870 2677 cum
888 2639 967 2676 suis
984 2638 1225 2687 pertinentiis
1242 2637 1281 2674 in
1299 2637 1458 2674 Burwell
1482 2637 1530 2674 ad
1553 2649 1661 2674 vsum
1679 2637 1870 2674 academie

412 2701 465 2736 sic
484 2704 524 2736 vt
542 2700 579 2736 id
597 2706 722 2736 ratum
740 2699 790 2734 sit
807 2698 907 2745 quod
925 2709 987 2733 sex
1007 2697 1155 2733 illorum
1174 2696 1331 2733 fecerint

317 2760 544 2798 Conceditur
568 2758 697 2794 eodeni
730 2756 890 2793 Roberto
921 2756 1083 2804 Lynfonl
1114 2757 1150 2792 in
1178 2755 1325 2792 artibus
1353 2756 1531 2803 magistro
1558 2760 1599 2792 vt
1625 2756 1677 2792 sit
1706 2768 1800 2792 vnus
1826 2767 1870 2793 ex

412 2816 516 2864 xij⁰¹¹¹¹
534 2813 830 2863 predicatoribus
848 2814 918 2850 hoc
934 2825 1034 2850 anno
1052 2825 1118 2861 per
1133 2813 1365 2850 academiam
1381 2812 1600 2850 emittendis
1617 2816 1656 2849 et
1672 2824 1786 2860 super
1799 2813 1868 2850 hac

412 2880 537 2914 vestra
553 2874 790 2912 concessione
806 2874 934 2911 literas
951 2872 1089 2910 habeat
1105 2872 1322 2921 obsignatas
1338 2871 1460 2920 sigillo
1476 2871 1667 2909 communi
1728 2870 1868 2909 Eadem
