2008 3216
173 2821 314 2859 [8812

335 181 421 222 200
929 189 1081 221 cusos
1111 189 1236 221 BOOK
1267 189 1297 220 Δ
1661 178 1882 235 [1566-67

945 644 1276 702 [1566-1567]

337 789 491 832 Gratie
545 789 636 832 sive
693 789 930 846 petitiones
990 803 1190 832 concesse
1251 788 1299 832 in
1360 790 1492 846 plena
1552 790 1885 848 congregatione

454 859 720 915 Regentium
759 865 805 902 et
841 875 930 902 non
966 859 1236 917 Regentium
1274 875 1301 902 a
1337 861 1447 903 festo
1482 861 1622 903 sancti
1662 859 1887 903 Michaelis

453 929 720 987 Archangeli
755 945 871 972 anno
905 929 1073 972 domini
1112 931 1245 973 15660
1275 944 1411 987 vsque
1443 930 1556 973 idem
1590 930 1750 973 festum
1781 936 1887 973 tunc

453 1000 648 1056 proxime
678 1015 866 1057 sequens
898 999 1090 1043 Roberto
1123 999 1370 1043 Beamount
1400 1015 1518 1043 sacre
1545 1000 1763 1058 theologie
1791 1014 1888 1056 pro·

454 1070 611 1114 sessore
658 1077 764 1113 tunc
805 1070 1140 1127 procancellario
1183 1070 1397 1114 Nicholao
1439 1070 1639 1127 Shepard
1681 1076 1727 1113 et
1767 1070 1886 1114 Edw.

453 1140 635 1198 Deryng
664 1140 1018 1197 procuratoribus

480 1276 631 1312 Mortuo
662 1275 814 1312 doctore
847 1276 1061 1312 Beamount
1093 1275 1161 1323 vjw
1192 1276 1216 1312 J
1219 1276 1299 1312 unii
1332 1276 1372 1312 in
1405 1276 1487 1312 eius
1511 1276 1637 1312 locum
1666 1279 1887 1323 surrogatur

528 1334 694 1381 Rogems
711 1334 832 1371 Kelke
849 1346 953 1370 sacre
969 1334 1154 1381 theologie
1171 1335 1359 1382 professor
1377 1336 1438 1371 16ο
1454 1334 1478 1370 J
1480 1335 1561 1370 unii
1578 1336 1690 1370 Anno
1709 1337 1816 1372 15670

336 1431 564 1468 Conceditur
589 1434 650 1469 17⁰
674 1431 850 1468 Octobris
875 1435 918 1468 vt
942 1444 1072 1468 omnes
1096 1433 1215 1479 gratie
1238 1433 1473 1469 admittendo
1495 1444 1561 1480 per
1584 1432 1780 1468 dominum
1804 1444 1887 1479 pro-

429 1490 693 1527 cancellarium
709 1491 880 1528 doctores
898 1492 1050 1528 Hutton
1068 1492 1201 1540 Harvy
1217 1495 1257 1529 et
1274 1492 1425 1540 Lorkyn
1442 1493 1641 1539 magistros
1659 1491 1886 1540 Dodyngton

428 1553 468 1586 et
486 1550 613 1597 Bynge
629 1550 777 1597 possint
799 1561 1018 1586 concurrere
1042 1550 1082 1586 in
1104 1554 1269 1598 quatuor
1290 1550 1640 1598 congregationibus
1661 1550 1776 1587 huius
1797 1550 1887 1586 anni

427 1608 482 1644 sic
498 1611 541 1645 vt
557 1620 688 1646 omnes
704 1609 945 1646 consentiant

960 1873 1262 1928 Questioniste

335 1994 564 2032 Conceditur
582 1998 626 2032 13
643 1995 862 2032 Decembris
881 1995 1041 2032 Ricardo
1059 1996 1220 2044 Bradley
1237 1999 1280 2033 vt
1298 1998 1342 2032 12
1360 1996 1513 2033 termini
1536 1996 1576 2033 in
1599 1995 1738 2044 quibus
1760 1995 1887 2032 lectio-

429 2066 496 2090 nes
511 2054 720 2090 ordinarias
733 2053 882 2089 audiuit
894 2052 982 2090 licet
995 2065 1070 2090 non
1085 2054 1238 2090 omnino
1249 2053 1456 2091 secundum
1473 2054 1633 2090 formam
1650 2054 1787 2090 statuti
1800 2065 1886 2090 cum

428 2112 729 2161 oppositionibus
745 2111 1050 2160 responsionibus
1066 2116 1106 2149 et
1122 2112 1206 2149 aliis
1223 2113 1411 2149 exercitiis
1433 2124 1500 2160 per
1522 2114 1670 2149 statuta
1693 2111 1887 2159 requisitis

428 2172 618 2209 sufficiant
633 2172 667 2208 ei
684 2171 732 2209 ad
750 2170 1051 2219 respondendum
1069 2172 1258 2219 questioni

334 2230 476 2267 Eadem
492 2231 614 2278 gratia
630 2230 848 2267 conceditur
863 2230 994 2267 eodem
1012 2229 1105 2268 Rob.
1125 2230 1273 2278 Purdey

334 2289 476 2327 Eadem
493 2290 615 2338 gratia
631 2289 851 2327 conceditur
870 2292 914 2326 14
931 2289 954 2326 J
957 2289 1104 2326 anuarii
1122 2289 1279 2326 Griffino
1297 2289 1470 2338 Bryskyn
1485 2288 1614 2337 Steph.
1634 2288 1781 2337 Mylnes
1793 2288 1885 2325 Tho,

427 2349 567 2398 'raylor
583 2349 645 2386 W⁰
661 2349 820 2397 Speight
836 2349 943 2386 Geor.
971 2348 1143 2397 Northye
1165 2349 1257 2386 Tho.
1284 2348 1482 2396 Laughton
1506 2348 1640 2396 Egidio
1664 2347 1762 2384 Kaio
1786 2347 1885 2384 Phil-

428 2409 517 2456 ippo
543 2408 645 2445 Here
671 2407 831 2445 Ricardo
853 2408 1028 2445 Whealer
1047 2407 1191 2455 juniori
1218 2408 1348 2445 Franc.
1378 2407 1520 2456 Lynley
1547 2406 1637 2443 Rob.
1665 2406 1802 2443 Bolton
1826 2406 1885 2444 Jo.

429 2467 576 2504 Waters
603 2468 714 2505 Leon.
738 2468 850 2505 Some
876 2467 1036 2504 Ricardo
1060 2467 1260 2504 Banerofte
1283 2467 1460 2504 Ohristof.
1486 2465 1628 2503 Webbe
1650 2466 1714 2503 W⁰
1736 2465 1886 2513 Wright

429 2527 540 2563 Leon.
557 2526 804 2575 Nightyngall
817 2526 995 2564 Christos.
1011 2526 1129 2563 Wake
1144 2526 1259 2563 Anth.
1277 2526 1410 2563 Rudde
1423 2525 1530 2563 Geor.
1547 2524 1690 2573 Gyldar
1703 2524 1886 2561 Nicholao

428 2585 630 2623 Edwardes
647 2586 739 2623 Tho.
754 2585 775 2622 J
780 2585 976 2634 enkynson
996 2584 1179 2621 Nicholao
1196 2584 1324 2621 Todde
1341 2584 1489 2621 Adamo
1507 2583 1709 2632 Collynson
1723 2582 1786 2619 W⁰
1798 2582 1886 2620 Oole

427 2644 547 2683 Vmsr.
573 2643 734 2692 Tyndall
760 2644 937 2681 Christof.
963 2643 1115 2692 Fynohe
1140 2643 1299 2680 Rioardo
1321 2642 1488 2680 Woodde
1513 2642 1656 2690 Rogero
1679 2642 1887 2679 Ohauntler

429 2703 588 2741 Ricardo
605 2703 839 2751 Sadlyngton
860 2702 1018 2740 Ricardo
1036 2703 1167 2740 Mouse
1183 2702 1342 2740 Rioardo
1357 2702 1478 2739 Hicke
1492 2702 1622 2739 Frano.
1638 2701 1885 2738 Ashebourne

427 2762 484 2798 Jo.
504 2763 664 2809 Copcott
681 2761 745 2798 W⁰
763 2761 897 2799 Muffet
920 2761 977 2799 Jo.
1002 2761 1038 2798 N
1039 2761 1191 2810 ycolson
1218 2761 1308 2798 Rob.
1336 2761 1443 2809 Kaye
1468 2760 1582 2798 Henr.
1610 2760 1764 2797 Nanton
1790 2759 1881 2797 Rob.

430 2821 620 2869 Patynson
637 2820 695 2857 Jo.
714 2820 872 2868 Studley
891 2820 1021 2857 Freno.
1037 2820 1175 2869 Taylor
1194 2819 1259 2857 Ed.
1276 2818 1443 2868 Gylbard
1464 2818 1550 2856 Rob.
1570 2818 1717 2855 Bennet
1732 2818 1884 2866 Hugoni

427 2879 541 2915 Jonen
562 2879 607 2915 11.
628 2878 867 2927 Urymdyehe
887 2878 1049 2916 Roberto
1069 2879 1199 2916 Porter
1215 2879 1307 2916 Tho.
1329 2878 1488 2915 Bedwell
