<?xml version="1.0" encoding="UTF-8"?>
<!DOCTYPE html PUBLIC "-//W3C//DTD XHTML 1.0 Transitional//EN"
    "http://www.w3.org/TR/xhtml1/DTD/xhtml1-transitional.dtd">
<html xmlns="http://www.w3.org/1999/xhtml" xml:lang="en" lang="en">
 <head>
  <title>
</title>
<meta http-equiv="Content-Type" content="text/html;charset=utf-8" />
  <meta name='ocr-system' content='tesseract 3.04.00' />
  <meta name='ocr-capabilities' content='ocr_page ocr_carea ocr_par ocr_line ocrx_word'/>
</head>
<body>
  <div class='ocr_page' id='page_1' title='image "./gracebookdeltaco00univuoft_0129.png"; bbox 0 0 2008 3216; ppageno 0'>
   <div class='ocr_carea' id='block_1_1' title="bbox 152 174 1698 230">
    <p class='ocr_par' dir='ltr' id='par_1_1' title="bbox 152 174 1698 230">
     <span class='ocr_line' id='line_1_1' title="bbox 152 174 1698 230; baseline 0 -14"><span class='ocrx_word' id='word_1_1' title='bbox 152 174 372 230; x_wconf 83' lang='lat'>1553-54]</span> <span class='ocrx_word' id='word_1_2' title='bbox 734 183 887 215; x_wconf 78' lang='lat' dir='ltr'>GRAOE</span> <span class='ocrx_word' id='word_1_3' title='bbox 919 183 1042 215; x_wconf 71' lang='lat' dir='ltr'><strong>Boon</strong></span> <span class='ocrx_word' id='word_1_4' title='bbox 1074 183 1103 214; x_wconf 86' lang='grc' dir='ltr'><strong>Δ</strong></span> <span class='ocrx_word' id='word_1_5' title='bbox 1643 175 1698 216; x_wconf 88' lang='grc'><strong>95</strong></span> 
     </span>
    </p>
   </div>
   <div class='ocr_carea' id='block_1_2' title="bbox 150 287 1701 809">
    <p class='ocr_par' dir='ltr' id='par_1_2' title="bbox 152 287 1701 680">
     <span class='ocr_line' id='line_1_2' title="bbox 152 287 1700 336; baseline 0 -12"><span class='ocrx_word' id='word_1_6' title='bbox 152 288 249 325; x_wconf 86' lang='lat' dir='ltr'><strong>Item</strong></span> <span class='ocrx_word' id='word_1_7' title='bbox 278 289 495 326; x_wconf 74' lang='lat' dir='ltr'><strong>conoeditur</strong></span> <span class='ocrx_word' id='word_1_8' title='bbox 527 288 671 325; x_wconf 89' lang='lat' dir='ltr'><strong>Thome</strong></span> <span class='ocrx_word' id='word_1_9' title='bbox 697 287 838 336; x_wconf 83' lang='lat' dir='ltr'><strong>Caylye</strong></span> <span class='ocrx_word' id='word_1_10' title='bbox 870 288 950 324; x_wconf 87' lang='lat' dir='ltr'><strong>viro</strong></span> <span class='ocrx_word' id='word_1_11' title='bbox 981 288 1192 324; x_wconf 82' lang='lat' dir='ltr'><strong>constantis</strong></span> <span class='ocrx_word' id='word_1_12' title='bbox 1224 287 1338 324; x_wconf 85' lang='lat' dir='ltr'><strong>etatis</strong></span> <span class='ocrx_word' id='word_1_13' title='bbox 1370 290 1409 324; x_wconf 88' lang='lat' dir='ltr'><strong>et</strong></span> <span class='ocrx_word' id='word_1_14' title='bbox 1437 287 1593 335; x_wconf 86' lang='lat' dir='ltr'><strong>probate</strong></span> <span class='ocrx_word' id='word_1_15' title='bbox 1622 288 1700 324; x_wconf 89' lang='lat' dir='ltr'><strong>vite</strong></span> 
     </span>
     <span class='ocr_line' id='line_1_3' title="bbox 244 346 1701 384; baseline -0.001 0"><span class='ocrx_word' id='word_1_16' title='bbox 244 350 287 384; x_wconf 88' lang='lat' dir='ltr'><strong>vt</strong></span> <span class='ocrx_word' id='word_1_17' title='bbox 318 351 402 384; x_wconf 86' lang='lat' dir='ltr'><strong>octo</strong></span> <span class='ocrx_word' id='word_1_18' title='bbox 434 359 618 384; x_wconf 83' lang='lat' dir='ltr'><strong>annorum</strong></span> <span class='ocrx_word' id='word_1_19' title='bbox 645 347 814 384; x_wconf 87' lang='lat' dir='ltr'><strong>studium</strong></span> <span class='ocrx_word' id='word_1_20' title='bbox 843 347 882 383; x_wconf 90' lang='lat' dir='ltr'><strong>in</strong></span> <span class='ocrx_word' id='word_1_21' title='bbox 915 346 1035 383; x_wconf 84' lang='lat' dir='ltr'><strong>literis</strong></span> <span class='ocrx_word' id='word_1_22' title='bbox 1067 346 1353 383; x_wconf 77' lang='lat' dir='ltr'><strong>humanioribus</strong></span> <span class='ocrx_word' id='word_1_23' title='bbox 1380 351 1419 383; x_wconf 90' lang='lat' dir='ltr'><strong>et</strong></span> <span class='ocrx_word' id='word_1_24' title='bbox 1445 347 1529 383; x_wconf 87' lang='lat' dir='ltr'><strong>aliis</strong></span> <span class='ocrx_word' id='word_1_25' title='bbox 1554 347 1701 383; x_wconf 87' lang='lat' dir='ltr'><strong>artibus</strong></span> 
     </span>
     <span class='ocr_line' id='line_1_4' title="bbox 244 405 1701 454; baseline 0 -12"><span class='ocrx_word' id='word_1_26' title='bbox 244 407 283 442; x_wconf 91' lang='lat' dir='ltr'><strong>in</strong></span> <span class='ocrx_word' id='word_1_27' title='bbox 309 406 447 454; x_wconf 86' lang='lat' dir='ltr'><strong>quibus</strong></span> <span class='ocrx_word' id='word_1_28' title='bbox 473 407 678 454; x_wconf 86' lang='lat' dir='ltr'><strong>plurimum</strong></span> <span class='ocrx_word' id='word_1_29' title='bbox 711 406 869 454; x_wconf 72' lang='lat' dir='ltr'><strong>profecit</strong></span> <span class='ocrx_word' id='word_1_30' title='bbox 893 405 1055 442; x_wconf 84' lang='lat' dir='ltr'><strong>sufficiat</strong></span> <span class='ocrx_word' id='word_1_31' title='bbox 1078 406 1112 442; x_wconf 89' lang='lat' dir='ltr'><strong>ei</strong></span> <span class='ocrx_word' id='word_1_32' title='bbox 1137 405 1184 442; x_wconf 81' lang='lat' dir='ltr'><strong>ad</strong></span> <span class='ocrx_word' id='word_1_33' title='bbox 1210 406 1465 453; x_wconf 84' lang='lat' dir='ltr'><strong>incipiendum</strong></span> <span class='ocrx_word' id='word_1_34' title='bbox 1491 407 1530 442; x_wconf 91' lang='lat' dir='ltr'><strong>in</strong></span> <span class='ocrx_word' id='word_1_35' title='bbox 1554 406 1701 443; x_wconf 85' lang='lat' dir='ltr'><strong>artibus</strong></span> 
     </span>
     <span class='ocr_line' id='line_1_5' title="bbox 244 465 1700 512; baseline 0 -10"><span class='ocrx_word' id='word_1_36' title='bbox 244 466 306 502; x_wconf 88' lang='lat' dir='ltr'><strong>Sic</strong></span> <span class='ocrx_word' id='word_1_37' title='bbox 322 470 364 502; x_wconf 85' lang='lat' dir='ltr'><strong>vt</strong></span> <span class='ocrx_word' id='word_1_38' title='bbox 381 470 586 512; x_wconf 76' lang='lat' dir='ltr'><strong>antequam</strong></span> <span class='ocrx_word' id='word_1_39' title='bbox 608 465 836 502; x_wconf 71' lang='lat' dir='ltr'><strong>admittatur</strong></span> <span class='ocrx_word' id='word_1_40' title='bbox 857 469 916 502; x_wconf 85' lang='lat' dir='ltr'><strong>ter</strong></span> <span class='ocrx_word' id='word_1_41' title='bbox 939 465 1164 512; x_wconf 84' lang='lat' dir='ltr'><strong>respondeat</strong></span> <span class='ocrx_word' id='word_1_42' title='bbox 1187 465 1298 502; x_wconf 89' lang='lat' dir='ltr'><strong>modo</strong></span> <span class='ocrx_word' id='word_1_43' title='bbox 1322 469 1447 502; x_wconf 81' lang='lat' dir='ltr'><strong>vestra</strong></span> <span class='ocrx_word' id='word_1_44' title='bbox 1468 466 1700 502; x_wconf 77' lang='lat' dir='ltr'><strong>authoritate</strong></span> 
     </span>
     <span class='ocr_line' id='line_1_6' title="bbox 243 524 1700 573; baseline 0 -11"><span class='ocrx_word' id='word_1_45' title='bbox 243 526 471 563; x_wconf 80' lang='lat' dir='ltr'><strong>admittatur</strong></span> <span class='ocrx_word' id='word_1_46' title='bbox 501 525 549 562; x_wconf 86' lang='lat' dir='ltr'><strong>ad</strong></span> <span class='ocrx_word' id='word_1_47' title='bbox 582 525 883 573; x_wconf 81' lang='lat' dir='ltr'><strong>respondendum</strong></span> <span class='ocrx_word' id='word_1_48' title='bbox 908 525 1016 562; x_wconf 85' lang='lat' dir='ltr'><strong>iuxta</strong></span> <span class='ocrx_word' id='word_1_49' title='bbox 1038 525 1199 561; x_wconf 85' lang='lat' dir='ltr'><strong>formam</strong></span> <span class='ocrx_word' id='word_1_50' title='bbox 1227 524 1485 561; x_wconf 78' lang='lat' dir='ltr'><strong>bacchalaurei</strong></span> <span class='ocrx_word' id='word_1_51' title='bbox 1510 528 1549 562; x_wconf 86' lang='lat' dir='ltr'><strong>et</strong></span> <span class='ocrx_word' id='word_1_52' title='bbox 1573 526 1700 562; x_wconf 89' lang='lat' dir='ltr'><strong>omnia</strong></span> 
     </span>
     <span class='ocr_line' id='line_1_7' title="bbox 243 584 1698 632; baseline 0.001 -12"><span class='ocrx_word' id='word_1_53' title='bbox 243 585 318 621; x_wconf 85' lang='lat' dir='ltr'><strong>alia</strong></span> <span class='ocrx_word' id='word_1_54' title='bbox 350 587 495 632; x_wconf 86' lang='lat' dir='ltr'><strong>prestet</strong></span> <span class='ocrx_word' id='word_1_55' title='bbox 526 585 573 621; x_wconf 81' lang='lat' dir='ltr'><strong>ad</strong></span> <span class='ocrx_word' id='word_1_56' title='bbox 606 597 680 632; x_wconf 87' lang='lat' dir='ltr'><strong>que</strong></span> <span class='ocrx_word' id='word_1_57' title='bbox 712 588 865 622; x_wconf 86' lang='lat' dir='ltr'><strong>tenetur</strong></span> <span class='ocrx_word' id='word_1_58' title='bbox 890 584 1181 621; x_wconf 80' lang='lat' dir='ltr'><strong>bacchalaureus</strong></span> <span class='ocrx_word' id='word_1_59' title='bbox 1213 589 1253 620; x_wconf 90' lang='lat' dir='ltr'><strong>et</strong></span> <span class='ocrx_word' id='word_1_60' title='bbox 1285 584 1407 620; x_wconf 85' lang='lat' dir='ltr'><strong>solvat</strong></span> <span class='ocrx_word' id='word_1_61' title='bbox 1439 585 1569 621; x_wconf 84' lang='lat' dir='ltr'><strong>oerario</strong></span> <span class='ocrx_word' id='word_1_62' title='bbox 1602 597 1698 621; x_wconf 89' lang='lat' dir='ltr'><strong>com-</strong></span> 
     </span>
     <span class='ocr_line' id='line_1_8' title="bbox 245 644 481 680; baseline -0.004 0"><span class='ocrx_word' id='word_1_63' title='bbox 245 644 351 680; x_wconf 91' lang='lat' dir='ltr'><strong>muni</strong></span> <span class='ocrx_word' id='word_1_64' title='bbox 378 656 448 679; x_wconf 86' lang='lat' dir='ltr'><strong>xxx</strong></span> <span class='ocrx_word' id='word_1_65' title='bbox 462 656 481 679; x_wconf 91' lang='lat' dir='ltr'><strong>s</strong></span> 
     </span>
    </p>

    <p class='ocr_par' dir='ltr' id='par_1_3' title="bbox 150 702 1701 809">
     <span class='ocr_line' id='line_1_9' title="bbox 150 702 1701 750; baseline 0 -11"><span class='ocrx_word' id='word_1_66' title='bbox 150 703 235 739; x_wconf 88' lang='lat' dir='ltr'><strong>Vna</strong></span> <span class='ocrx_word' id='word_1_67' title='bbox 260 715 347 739; x_wconf 91' lang='lat' dir='ltr'><strong>cum</strong></span> <span class='ocrx_word' id='word_1_68' title='bbox 377 703 469 749; x_wconf 85' lang='lat' dir='ltr'><strong>ipsis</strong></span> <span class='ocrx_word' id='word_1_69' title='bbox 498 702 720 750; x_wconf 85' lang='lat' dir='ltr'><strong>inceperunt</strong></span> <span class='ocrx_word' id='word_1_70' title='bbox 743 702 791 739; x_wconf 84' lang='lat' dir='ltr'><strong>de</strong></span> <span class='ocrx_word' id='word_1_71' title='bbox 819 702 972 750; x_wconf 86' lang='lat' dir='ltr'><strong>collegio</strong></span> <span class='ocrx_word' id='word_1_72' title='bbox 1002 703 1130 750; x_wconf 58' lang='lat' dir='ltr'><strong>Regali</strong></span> <span class='ocrx_word' id='word_1_73' title='bbox 1160 702 1229 739; x_wconf 92' lang='lat' dir='ltr'><strong>hoc</strong></span> <span class='ocrx_word' id='word_1_74' title='bbox 1257 714 1356 739; x_wconf 86' lang='lat' dir='ltr'><strong>anno</strong></span> <span class='ocrx_word' id='word_1_75' title='bbox 1384 702 1560 739; x_wconf 81' lang='lat' dir='ltr'><strong>dominus</strong></span> <span class='ocrx_word' id='word_1_76' title='bbox 1589 703 1701 740; x_wconf 83' lang='lat' dir='ltr'><strong>Parre</strong></span> 
     </span>
     <span class='ocr_line' id='line_1_10' title="bbox 243 760 1701 809; baseline 0.001 -12"><span class='ocrx_word' id='word_1_77' title='bbox 243 764 283 797; x_wconf 85' lang='lat' dir='ltr'><strong>et</strong></span> <span class='ocrx_word' id='word_1_78' title='bbox 297 761 473 797; x_wconf 89' lang='lat' dir='ltr'><strong>dominus</strong></span> <span class='ocrx_word' id='word_1_79' title='bbox 491 761 617 797; x_wconf 88' lang='lat' dir='ltr'><strong>Lcwes</strong></span> <span class='ocrx_word' id='word_1_80' title='bbox 633 760 772 808; x_wconf 88' lang='lat' dir='ltr'><strong>quibus</strong></span> <span class='ocrx_word' id='word_1_81' title='bbox 790 773 865 797; x_wconf 90' lang='lat' dir='ltr'><strong>non</strong></span> <span class='ocrx_word' id='word_1_82' title='bbox 883 761 956 797; x_wconf 83' lang='lat' dir='ltr'><strong>fuit</strong></span> <span class='ocrx_word' id='word_1_83' title='bbox 973 772 1148 798; x_wconf 88' lang='lat' dir='ltr'><strong>concessa</strong></span> <span class='ocrx_word' id='word_1_84' title='bbox 1159 760 1392 808; x_wconf 73' lang='lat' dir='ltr'><strong>dispensatio</strong></span> <span class='ocrx_word' id='word_1_85' title='bbox 1405 772 1472 797; x_wconf 89' lang='lat' dir='ltr'><strong>nec</strong></span> <span class='ocrx_word' id='word_1_86' title='bbox 1489 760 1564 797; x_wconf 83' lang='lat' dir='ltr'><strong>vlla</strong></span> <span class='ocrx_word' id='word_1_87' title='bbox 1580 762 1701 809; x_wconf 84' lang='lat' dir='ltr'><strong>petita</strong></span> 
     </span>
    </p>
   </div>
   <div class='ocr_carea' id='block_1_3' title="bbox 244 819 366 866">
    <p class='ocr_par' dir='ltr' id='par_1_4' title="bbox 244 819 366 866">
     <span class='ocr_line' id='line_1_11' title="bbox 244 819 366 866; baseline -0.008 -10"><span class='ocrx_word' id='word_1_88' title='bbox 244 819 366 866; x_wconf 85' lang='lat' dir='ltr'><strong>gratia</strong></span> 
     </span>
    </p>
   </div>
   <div class='ocr_carea' id='block_1_4' title="bbox 266 1054 1574 1119">
    <p class='ocr_par' dir='ltr' id='par_1_5' title="bbox 266 1054 1574 1119">
     <span class='ocr_line' id='line_1_12' title="bbox 266 1054 1574 1119; baseline 0.004 -23"><span class='ocrx_word' id='word_1_89' title='bbox 266 1054 490 1098; x_wconf 75' lang='lat' dir='ltr'><strong>Numerus</strong></span> <span class='ocrx_word' id='word_1_90' title='bbox 522 1055 788 1113; x_wconf 83' lang='lat' dir='ltr'><strong>Regentium</strong></span> <span class='ocrx_word' id='word_1_91' title='bbox 822 1056 954 1099; x_wconf 80' lang='lat' dir='ltr'><strong>huius</strong></span> <span class='ocrx_word' id='word_1_92' title='bbox 984 1057 1087 1100; x_wconf 82' lang='lat' dir='ltr'><strong>anni</strong></span> <span class='ocrx_word' id='word_1_93' title='bbox 1120 1058 1246 1101; x_wconf 83' lang='lat' dir='ltr'><strong>iuxta</strong></span> <span class='ocrx_word' id='word_1_94' title='bbox 1275 1058 1574 1119; x_wconf 83' lang='lat' dir='ltr'><strong>senioritatem</strong></span> 
     </span>
    </p>
   </div>
   <div class='ocr_carea' id='block_1_5' title="bbox 276 1203 1533 1954">
    <p class='ocr_par' dir='ltr' id='par_1_6' title="bbox 314 1203 1473 1253">
     <span class='ocr_line' id='line_1_13' title="bbox 314 1203 1473 1253; baseline 0.003 -15"><span class='ocrx_word' id='word_1_95' title='bbox 314 1203 325 1226; x_wconf 87' lang='lat'>¹</span> <span class='ocrx_word' id='word_1_96' title='bbox 335 1203 447 1239; x_wconf 84' lang='lat' dir='ltr'><strong>Owen</strong></span> <span class='ocrx_word' id='word_1_97' title='bbox 829 1204 997 1241; x_wconf 82' lang='lat' dir='ltr'><strong>Hatchet</strong></span> <span class='ocrx_word' id='word_1_98' title='bbox 1321 1206 1473 1253; x_wconf 84' lang='lat' dir='ltr'><strong>Clytero</strong></span> 
     </span>
    </p>

    <p class='ocr_par' dir='ltr' id='par_1_7' title="bbox 337 1262 1457 1313">
     <span class='ocr_line' id='line_1_14' title="bbox 337 1262 1457 1313; baseline 0.003 -14"><span class='ocrx_word' id='word_1_99' title='bbox 337 1262 471 1300; x_wconf 83' lang='lat' dir='ltr'><strong>Stokes</strong></span> <span class='ocrx_word' id='word_1_100' title='bbox 829 1264 961 1301; x_wconf 86' lang='lat' dir='ltr'><strong>Mason</strong></span> <span class='ocrx_word' id='word_1_101' title='bbox 1321 1265 1457 1313; x_wconf 82' lang='lat' dir='ltr'><strong>Tayler</strong></span> 
     </span>
    </p>

    <p class='ocr_par' dir='ltr' id='par_1_8' title="bbox 338 1321 1533 1362">
     <span class='ocr_line' id='line_1_15' title="bbox 338 1321 1533 1362; baseline 0.003 -4"><span class='ocrx_word' id='word_1_102' title='bbox 338 1321 450 1358; x_wconf 85' lang='lat' dir='ltr'><strong>Parre</strong></span> <span class='ocrx_word' id='word_1_103' title='bbox 829 1323 1000 1361; x_wconf 85' lang='lat' dir='ltr'><strong>Wendon</strong></span> <span class='ocrx_word' id='word_1_104' title='bbox 1244 1325 1299 1362; x_wconf 63' lang='lat' dir='ltr'><strong>M*</strong></span> <span class='ocrx_word' id='word_1_105' title='bbox 1317 1325 1533 1362; x_wconf 73' lang='lat' dir='ltr'><strong>Kettleston</strong></span> 
     </span>
    </p>

    <p class='ocr_par' dir='ltr' id='par_1_9' title="bbox 276 1380 1475 1490">
     <span class='ocr_line' id='line_1_16' title="bbox 338 1380 1475 1431; baseline 0.004 -15"><span class='ocrx_word' id='word_1_106' title='bbox 338 1380 464 1417; x_wconf 80' lang='lat' dir='ltr'><strong>Lewes</strong></span> <span class='ocrx_word' id='word_1_107' title='bbox 752 1381 807 1417; x_wconf 63' lang='lat' dir='ltr'><strong>M*</strong></span> <span class='ocrx_word' id='word_1_108' title='bbox 823 1381 958 1430; x_wconf 85' lang='lat' dir='ltr'><strong>Abney</strong></span> <span class='ocrx_word' id='word_1_109' title='bbox 1323 1383 1475 1431; x_wconf 85' lang='lat' dir='ltr'><strong>Gybbes</strong></span> 
     </span>
     <span class='ocr_line' id='line_1_17' title="bbox 276 1439 1463 1490; baseline 0.003 -14"><span class='ocrx_word' id='word_1_110' title='bbox 276 1440 331 1476; x_wconf 65' lang='lat' dir='ltr'><strong>M*</strong></span> <span class='ocrx_word' id='word_1_111' title='bbox 347 1439 454 1487; x_wconf 81' lang='lat' dir='ltr'><strong>Style</strong></span> <span class='ocrx_word' id='word_1_112' title='bbox 831 1440 996 1488; x_wconf 86' lang='lat' dir='ltr'><strong>Kyddall</strong></span> <span class='ocrx_word' id='word_1_113' title='bbox 1322 1442 1463 1490; x_wconf 80' lang='lat' dir='ltr'><strong>Caylye</strong></span> 
     </span>
    </p>

    <p class='ocr_par' dir='ltr' id='par_1_10' title="bbox 337 1498 1447 1548">
     <span class='ocr_line' id='line_1_18' title="bbox 337 1498 1447 1548; baseline 0.003 -13"><span class='ocrx_word' id='word_1_114' title='bbox 337 1498 587 1546; x_wconf 84' lang='lat' dir='ltr'><strong>Etherington</strong></span> <span class='ocrx_word' id='word_1_115' title='bbox 831 1500 995 1548; x_wconf 82' lang='lat' dir='ltr'><strong>Hawsop</strong></span> <span class='ocrx_word' id='word_1_116' title='bbox 1324 1501 1447 1538; x_wconf 84' lang='lat' dir='ltr'><strong>Cooke</strong></span> 
     </span>
    </p>

    <p class='ocr_par' dir='ltr' id='par_1_11' title="bbox 337 1557 511 1595">
     <span class='ocr_line' id='line_1_19' title="bbox 337 1557 511 1595; baseline 0.006 -1"><span class='ocrx_word' id='word_1_117' title='bbox 337 1557 511 1595; x_wconf 87' lang='lat' dir='ltr'><strong>Woorme</strong></span> 
     </span>
    </p>

    <p class='ocr_par' dir='ltr' id='par_1_12' title="bbox 742 1896 1102 1954">
     <span class='ocr_line' id='line_1_20' title="bbox 742 1896 1102 1954; baseline 0.003 -15"><span class='ocrx_word' id='word_1_118' title='bbox 742 1896 1102 1954; x_wconf 84' lang='lat' dir='ltr'><strong>Dispensationes</strong></span> 
     </span>
    </p>
   </div>
   <div class='ocr_carea' id='block_1_6' title="bbox 150 2043 1700 2566">
    <p class='ocr_par' dir='ltr' id='par_1_13' title="bbox 151 2043 1700 2211">
     <span class='ocr_line' id='line_1_21' title="bbox 151 2043 1700 2096; baseline 0.003 -15"><span class='ocrx_word' id='word_1_119' title='bbox 151 2045 197 2082; x_wconf 89' lang='lat' dir='ltr'><strong>In</strong></span> <span class='ocrx_word' id='word_1_120' title='bbox 221 2044 354 2093; x_wconf 85' lang='lat' dir='ltr'><strong>primis</strong></span> <span class='ocrx_word' id='word_1_121' title='bbox 375 2043 593 2080; x_wconf 77' lang='lat' dir='ltr'><strong>conceditur</strong></span> <span class='ocrx_word' id='word_1_122' title='bbox 614 2043 796 2091; x_wconf 87' lang='lat' dir='ltr'><strong>inceptori</strong></span> <span class='ocrx_word' id='word_1_123' title='bbox 821 2045 961 2082; x_wconf 87' lang='lat' dir='ltr'><strong>Olitero</strong></span> <span class='ocrx_word' id='word_1_124' title='bbox 984 2046 1204 2093; x_wconf 83' lang='lat' dir='ltr'><strong>vrgentibus</strong></span> <span class='ocrx_word' id='word_1_125' title='bbox 1226 2046 1387 2093; x_wconf 80' lang='lat' dir='ltr'><strong>negociis</strong></span> <span class='ocrx_word' id='word_1_126' title='bbox 1408 2048 1602 2095; x_wconf 85' lang='lat' dir='ltr'><strong>prepedito</strong></span> <span class='ocrx_word' id='word_1_127' title='bbox 1624 2061 1700 2096; x_wconf 91' lang='lat' dir='ltr'><strong>quo</strong></span> 
     </span>
     <span class='ocr_line' id='line_1_22' title="bbox 244 2103 1698 2152; baseline 0.002 -11"><span class='ocrx_word' id='word_1_128' title='bbox 244 2104 371 2141; x_wconf 88' lang='lat' dir='ltr'><strong>minus</strong></span> <span class='ocrx_word' id='word_1_129' title='bbox 386 2104 506 2152; x_wconf 80' lang='lat' dir='ltr'><strong>possit</strong></span> <span class='ocrx_word' id='word_1_130' title='bbox 521 2103 653 2140; x_wconf 83' lang='lat' dir='ltr'><strong>adesse</strong></span> <span class='ocrx_word' id='word_1_131' title='bbox 668 2104 708 2140; x_wconf 88' lang='lat' dir='ltr'><strong>in</strong></span> <span class='ocrx_word' id='word_1_132' title='bbox 724 2105 929 2142; x_wconf 87' lang='lat' dir='ltr'><strong>commitiis</strong></span> <span class='ocrx_word' id='word_1_133' title='bbox 946 2109 988 2142; x_wconf 89' lang='lat' dir='ltr'><strong>vt</strong></span> <span class='ocrx_word' id='word_1_134' title='bbox 1005 2108 1133 2142; x_wconf 71' lang='lat' dir='ltr'><strong>teneat</strong></span> <span class='ocrx_word' id='word_1_135' title='bbox 1155 2105 1272 2142; x_wconf 86' lang='lat' dir='ltr'><strong>nihilo</strong></span> <span class='ocrx_word' id='word_1_136' title='bbox 1295 2107 1421 2143; x_wconf 87' lang='lat' dir='ltr'><strong>minus</strong></span> <span class='ocrx_word' id='word_1_137' title='bbox 1442 2119 1529 2144; x_wconf 89' lang='lat' dir='ltr'><strong>eum</strong></span> <span class='ocrx_word' id='word_1_138' title='bbox 1546 2109 1698 2144; x_wconf 89' lang='lat' dir='ltr'><strong>seniori-</strong></span> 
     </span>
     <span class='ocr_line' id='line_1_23' title="bbox 243 2162 1538 2211; baseline 0.002 -11"><span class='ocrx_word' id='word_1_139' title='bbox 243 2163 335 2200; x_wconf 83' lang='lat' dir='ltr'><strong>tatis</strong></span> <span class='ocrx_word' id='word_1_140' title='bbox 351 2163 474 2199; x_wconf 89' lang='lat' dir='ltr'><strong>locum</strong></span> <span class='ocrx_word' id='word_1_141' title='bbox 490 2162 538 2198; x_wconf 86' lang='lat' dir='ltr'><strong>ad</strong></span> <span class='ocrx_word' id='word_1_142' title='bbox 555 2174 668 2210; x_wconf 88' lang='lat' dir='ltr'><strong>quem</strong></span> <span class='ocrx_word' id='word_1_143' title='bbox 686 2162 904 2210; x_wconf 85' lang='lat' dir='ltr'><strong>designatus</strong></span> <span class='ocrx_word' id='word_1_144' title='bbox 921 2168 1002 2200; x_wconf 85' lang='lat' dir='ltr'><strong>erat</strong></span> <span class='ocrx_word' id='word_1_145' title='bbox 1017 2176 1040 2200; x_wconf 85' lang='lat' dir='ltr'><strong>a</strong></span> <span class='ocrx_word' id='word_1_146' title='bbox 1057 2168 1164 2211; x_wconf 81' lang='lat' dir='ltr'><strong>patre</strong></span> <span class='ocrx_word' id='word_1_147' title='bbox 1181 2165 1460 2202; x_wconf 88' lang='lat' dir='ltr'><strong>commitiorum</strong></span> <span class='ocrx_word' id='word_1_148' title='bbox 1477 2166 1538 2203; x_wconf 87' lang='lat' dir='ltr'><strong>die</strong></span> 
     </span>
    </p>

    <p class='ocr_par' dir='ltr' id='par_1_14' title="bbox 150 2221 1698 2388">
     <span class='ocr_line' id='line_1_24' title="bbox 150 2221 1697 2273; baseline 0.002 -13"><span class='ocrx_word' id='word_1_149' title='bbox 150 2223 249 2260; x_wconf 87' lang='lat' dir='ltr'><strong>Item</strong></span> <span class='ocrx_word' id='word_1_150' title='bbox 269 2221 485 2259; x_wconf 78' lang='lat' dir='ltr'><strong>conceditur</strong></span> <span class='ocrx_word' id='word_1_151' title='bbox 501 2222 680 2269; x_wconf 79' lang='lat' dir='ltr'><strong>magistro</strong></span> <span class='ocrx_word' id='word_1_152' title='bbox 698 2222 830 2260; x_wconf 84' lang='lat' dir='ltr'><strong>Foster</strong></span> <span class='ocrx_word' id='word_1_153' title='bbox 846 2224 1027 2270; x_wconf 80' lang='lat' dir='ltr'><strong>superiori</strong></span> <span class='ocrx_word' id='word_1_154' title='bbox 1045 2235 1145 2260; x_wconf 87' lang='lat' dir='ltr'><strong>anuo</strong></span> <span class='ocrx_word' id='word_1_155' title='bbox 1165 2223 1329 2260; x_wconf 81' lang='lat' dir='ltr'><strong>admisso</strong></span> <span class='ocrx_word' id='word_1_156' title='bbox 1344 2224 1426 2273; x_wconf 85' lang='lat' dir='ltr'><strong>[ad]</strong></span> <span class='ocrx_word' id='word_1_157' title='bbox 1442 2226 1697 2273; x_wconf 87' lang='lat' dir='ltr'><strong>incipiendum</strong></span> 
     </span>
     <span class='ocr_line' id='line_1_25' title="bbox 243 2280 1698 2330; baseline 0.002 -11"><span class='ocrx_word' id='word_1_158' title='bbox 243 2282 283 2319; x_wconf 90' lang='lat' dir='ltr'><strong>in</strong></span> <span class='ocrx_word' id='word_1_159' title='bbox 299 2280 446 2318; x_wconf 88' lang='lat' dir='ltr'><strong>artibus</strong></span> <span class='ocrx_word' id='word_1_160' title='bbox 463 2284 506 2318; x_wconf 90' lang='lat' dir='ltr'><strong>vt</strong></span> <span class='ocrx_word' id='word_1_161' title='bbox 522 2282 574 2317; x_wconf 88' lang='lat' dir='ltr'><strong>sit</strong></span> <span class='ocrx_word' id='word_1_162' title='bbox 589 2282 789 2319; x_wconf 69' lang='lat' dir='ltr'><strong>actualiter</strong></span> <span class='ocrx_word' id='word_1_163' title='bbox 804 2283 945 2319; x_wconf 88' lang='lat' dir='ltr'><strong>artium</strong></span> <span class='ocrx_word' id='word_1_164' title='bbox 964 2283 1150 2330; x_wconf 81' lang='lat' dir='ltr'><strong>professor</strong></span> <span class='ocrx_word' id='word_1_165' title='bbox 1165 2286 1205 2318; x_wconf 88' lang='lat' dir='ltr'><strong>et</strong></span> <span class='ocrx_word' id='word_1_166' title='bbox 1216 2282 1374 2319; x_wconf 86' lang='lat' dir='ltr'><strong>eandem</strong></span> <span class='ocrx_word' id='word_1_167' title='bbox 1392 2283 1530 2320; x_wconf 81' lang='lat' dir='ltr'><strong>habeat</strong></span> <span class='ocrx_word' id='word_1_168' title='bbox 1546 2286 1698 2322; x_wconf 82' lang='lat' dir='ltr'><strong>seniori-</strong></span> 
     </span>
     <span class='ocr_line' id='line_1_26' title="bbox 245 2340 1351 2388; baseline 0 -11"><span class='ocrx_word' id='word_1_169' title='bbox 245 2343 363 2377; x_wconf 86' lang='lat' dir='ltr'><strong>tatem</strong></span> <span class='ocrx_word' id='word_1_170' title='bbox 380 2352 495 2387; x_wconf 84' lang='lat' dir='ltr'><strong>quam</strong></span> <span class='ocrx_word' id='word_1_171' title='bbox 513 2340 546 2376; x_wconf 88' lang='lat' dir='ltr'><strong>ei</strong></span> <span class='ocrx_word' id='word_1_172' title='bbox 563 2340 852 2387; x_wconf 82' lang='lat' dir='ltr'><strong>assignauerunt</strong></span> <span class='ocrx_word' id='word_1_173' title='bbox 868 2345 1128 2388; x_wconf 81' lang='lat' dir='ltr'><strong>procuratores</strong></span> <span class='ocrx_word' id='word_1_174' title='bbox 1145 2341 1246 2378; x_wconf 89' lang='lat' dir='ltr'><strong>illius</strong></span> <span class='ocrx_word' id='word_1_175' title='bbox 1262 2342 1351 2378; x_wconf 85' lang='lat' dir='ltr'><strong>anni</strong></span> 
     </span>
    </p>

    <p class='ocr_par' dir='ltr' id='par_1_15' title="bbox 151 2398 1700 2566">
     <span class='ocr_line' id='line_1_27' title="bbox 151 2398 1699 2446; baseline 0.003 -10"><span class='ocrx_word' id='word_1_176' title='bbox 151 2400 251 2436; x_wconf 86' lang='lat' dir='ltr'><strong>Item</strong></span> <span class='ocrx_word' id='word_1_177' title='bbox 268 2398 485 2435; x_wconf 83' lang='lat' dir='ltr'><strong>conceditur</strong></span> <span class='ocrx_word' id='word_1_178' title='bbox 501 2399 681 2446; x_wconf 86' lang='lat' dir='ltr'><strong>magistro</strong></span> <span class='ocrx_word' id='word_1_179' title='bbox 699 2398 911 2446; x_wconf 86' lang='lat' dir='ltr'><strong>Babington</strong></span> <span class='ocrx_word' id='word_1_180' title='bbox 935 2403 977 2435; x_wconf 86' lang='lat' dir='ltr'><strong>vt</strong></span> <span class='ocrx_word' id='word_1_181' title='bbox 993 2411 1080 2436; x_wconf 90' lang='lat' dir='ltr'><strong>cum</strong></span> <span class='ocrx_word' id='word_1_182' title='bbox 1102 2400 1295 2436; x_wconf 83' lang='lat' dir='ltr'><strong>solleniter</strong></span> <span class='ocrx_word' id='word_1_183' title='bbox 1316 2400 1533 2438; x_wconf 80' lang='lat' dir='ltr'><strong>cathedram</strong></span> <span class='ocrx_word' id='word_1_184' title='bbox 1550 2414 1626 2439; x_wconf 91' lang='lat' dir='ltr'><strong>non</strong></span> <span class='ocrx_word' id='word_1_185' title='bbox 1648 2404 1699 2440; x_wconf 89' lang='lat' dir='ltr'><strong>sit</strong></span> 
     </span>
     <span class='ocr_line' id='line_1_28' title="bbox 245 2458 1700 2509; baseline 0.003 -15"><span class='ocrx_word' id='word_1_186' title='bbox 245 2459 435 2506; x_wconf 83' lang='lat' dir='ltr'><strong>ingressus</strong></span> <span class='ocrx_word' id='word_1_187' title='bbox 450 2458 512 2495; x_wconf 90' lang='lat' dir='ltr'><strong>die</strong></span> <span class='ocrx_word' id='word_1_188' title='bbox 528 2459 808 2495; x_wconf 84' lang='lat' dir='ltr'><strong>commitiorum</strong></span> <span class='ocrx_word' id='word_1_189' title='bbox 824 2458 960 2495; x_wconf 81' lang='lat' dir='ltr'><strong>absens</strong></span> <span class='ocrx_word' id='word_1_190' title='bbox 982 2463 1110 2496; x_wconf 87' lang='lat' dir='ltr'><strong>tamen</strong></span> <span class='ocrx_word' id='word_1_191' title='bbox 1132 2459 1180 2496; x_wconf 83' lang='lat' dir='ltr'><strong>ad</strong></span> <span class='ocrx_word' id='word_1_192' title='bbox 1204 2471 1315 2496; x_wconf 91' lang='lat' dir='ltr'><strong>suum</strong></span> <span class='ocrx_word' id='word_1_193' title='bbox 1334 2460 1458 2496; x_wconf 86' lang='lat' dir='ltr'><strong>locum</strong></span> <span class='ocrx_word' id='word_1_194' title='bbox 1482 2461 1700 2509; x_wconf 79' lang='lat' dir='ltr'><strong>designatus</strong></span> 
     </span>
     <span class='ocr_line' id='line_1_29' title="bbox 243 2517 1539 2566; baseline 0.002 -12"><span class='ocrx_word' id='word_1_195' title='bbox 243 2530 266 2555; x_wconf 91' lang='lat' dir='ltr'><strong>a</strong></span> <span class='ocrx_word' id='word_1_196' title='bbox 281 2517 586 2566; x_wconf 81' lang='lat' dir='ltr'><strong>procuratoribus</strong></span> <span class='ocrx_word' id='word_1_197' title='bbox 601 2529 645 2554; x_wconf 89' lang='lat' dir='ltr'><strong>eo</strong></span> <span class='ocrx_word' id='word_1_198' title='bbox 661 2517 742 2554; x_wconf 92' lang='lat' dir='ltr'><strong>loco</strong></span> <span class='ocrx_word' id='word_1_199' title='bbox 757 2520 835 2554; x_wconf 86' lang='lat' dir='ltr'><strong>stet</strong></span> <span class='ocrx_word' id='word_1_200' title='bbox 851 2519 951 2555; x_wconf 85' lang='lat' dir='ltr'><strong>inter</strong></span> <span class='ocrx_word' id='word_1_201' title='bbox 968 2530 1034 2555; x_wconf 86' lang='lat' dir='ltr'><strong>vos</strong></span> <span class='ocrx_word' id='word_1_202' title='bbox 1050 2518 1099 2555; x_wconf 87' lang='lat' dir='ltr'><strong>ad</strong></span> <span class='ocrx_word' id='word_1_203' title='bbox 1115 2530 1229 2566; x_wconf 87' lang='lat' dir='ltr'><strong>quem</strong></span> <span class='ocrx_word' id='word_1_204' title='bbox 1245 2518 1463 2566; x_wconf 85' lang='lat' dir='ltr'><strong>designatus</strong></span> <span class='ocrx_word' id='word_1_205' title='bbox 1479 2523 1539 2557; x_wconf 82' lang='lat' dir='ltr'><strong>est</strong></span> 
     </span>
    </p>
   </div>
   <div class='ocr_carea' id='block_1_7' title="bbox 214 2656 1638 2701">
    <p class='ocr_par' dir='ltr' id='par_1_16' title="bbox 214 2656 1638 2701">
     <span class='ocr_line' id='line_1_30' title="bbox 214 2656 1638 2701; baseline 0.001 -11"><span class='ocrx_word' id='word_1_206' title='bbox 214 2656 226 2678; x_wconf 80' lang='lat'>1</span> <span class='ocrx_word' id='word_1_207' title='bbox 253 2656 364 2691; x_wconf 79' lang='lat' dir='ltr'><strong>These</strong></span> <span class='ocrx_word' id='word_1_208' title='bbox 379 2667 501 2691; x_wconf 81' lang='lat' dir='ltr'><strong>names</strong></span> <span class='ocrx_word' id='word_1_209' title='bbox 515 2667 572 2691; x_wconf 83' lang='lat' dir='ltr'><strong>are</strong></span> <span class='ocrx_word' id='word_1_210' title='bbox 588 2658 759 2700; x_wconf 81' lang='lat' dir='ltr'><strong>arranged</strong></span> <span class='ocrx_word' id='word_1_211' title='bbox 774 2658 811 2692; x_wconf 88' lang='lat' dir='ltr'><strong>in</strong></span> <span class='ocrx_word' id='word_1_212' title='bbox 827 2669 894 2692; x_wconf 87' lang='lat' dir='ltr'><strong>one</strong></span> <span class='ocrx_word' id='word_1_213' title='bbox 909 2659 1052 2693; x_wconf 87' lang='lat' dir='ltr'><strong>column</strong></span> <span class='ocrx_word' id='word_1_214' title='bbox 1067 2659 1172 2701; x_wconf 79' lang='lat' dir='ltr'><strong>along</strong></span> <span class='ocrx_word' id='word_1_215' title='bbox 1188 2659 1249 2693; x_wconf 84' lang='lat' dir='ltr'><strong>the</strong></span> <span class='ocrx_word' id='word_1_216' title='bbox 1264 2658 1398 2693; x_wconf 77' lang='lat' dir='ltr'><strong>bottom</strong></span> <span class='ocrx_word' id='word_1_217' title='bbox 1414 2659 1453 2692; x_wconf 77' lang='lat' dir='ltr'><strong>of</strong></span> <span class='ocrx_word' id='word_1_218' title='bbox 1467 2658 1526 2692; x_wconf 84' lang='lat' dir='ltr'><strong>the</strong></span> <span class='ocrx_word' id='word_1_219' title='bbox 1541 2668 1638 2700; x_wconf 78' lang='lat' dir='ltr'><strong>page.</strong></span> 
     </span>
    </p>
   </div>
  </div>
 </body>
</html>
