2008 3294
102 244 320 300 1588-89]
681 254 832 285 GRAcn
863 253 988 285 BOOK
1019 253 1049 283 Δ
1560 242 1645 284 433

675 549 874 607 Magistri
905 549 1068 591 artium

98 692 189 729 Coll.
209 693 343 729 Trinit.
403 693 633 730 Conceditur
652 694 695 731 17
715 692 845 728 Martii
863 692 1016 728 domino
1039 691 1212 727 Leonello
1237 690 1415 727 Hollman
1432 702 1476 726 ex
1493 690 1646 736 collegio

193 755 322 787 sancte
351 754 390 787 et
419 752 615 788 individue
644 752 846 788 Trinitatis
874 754 916 787 vt
943 753 966 787 9
995 750 1148 786 termini
1177 749 1353 796 completi
1383 751 1469 796 post
1498 748 1646 784 finalem

191 810 273 846 eius
305 810 659 847 determinationem
693 811 732 846 in
761 809 901 857 quibus
933 809 1112 845 lectiones
1144 807 1352 844 ordinarias
1384 807 1531 843 audivit
1559 807 1647 843 licet

192 882 268 906 non
293 871 445 906 omnino
469 870 672 907 secundum
700 870 860 906 formam
885 869 1022 905 statuti
1053 880 1140 904 cum
1167 867 1470 915 oppositionibus
1495 878 1646 913 respon-

191 929 361 966 sionibus
386 930 546 977 aliisque
571 929 758 966 exercitiis
786 941 852 976 per
879 931 1028 964 statuta
1053 927 1155 973 regia.
1179 927 1373 974 requisitis
1396 926 1587 962 sufficiant
1611 926 1644 962 ei

192 988 239 1024 ad
269 989 525 1036 incipiendum
551 989 591 1025 in
618 987 765 1025 artibus
823 987 965 1024 Eadem
991 987 1114 1034 gratia
1141 986 1359 1022 conceditur
1383 986 1513 1021 eodem
1538 988 1577 1021 et
1601 997 1646 1020 ex

192 1047 323 1084 eodem
347 1048 499 1095 collegio
524 1047 559 1084 d.
583 1047 642 1084 J0.
667 1047 827 1083 Masline
853 1046 946 1082 Rob.
970 1046 1092 1084 Leake
1114 1046 1178 1082 W⁰
1203 1045 1403 1092 Sibthorpe
1425 1046 1482 1082 J0.
1507 1045 1645 1080 Jacson

194 1106 384 1143 Harbarto
416 1107 553 1143 Warde
588 1106 752 1143 Roberto
787 1106 932 1142 Lusher
963 1106 987 1142 J
990 1118 1021 1142 o.
1057 1105 1218 1142 Gerrard
1256 1106 1386 1141 Fra-nc.
1422 1104 1645 1151 Gelsthorpe

192 1165 294 1213 Step.
320 1166 472 1214 Vpcher
499 1167 590 1203 Tho.
622 1166 804 1213 Mallorye
831 1165 895 1201 W⁰
924 1165 1045 1201 Lucas
1075 1164 1155 1201 Ric.
1187 1164 1298 1200 Hunt
1327 1164 1390 1199 W⁰
1418 1164 1558 1199 Barker
1585 1164 1606 1199 J
1612 1176 1643 1200 o.

192 1225 304 1262 Curle
329 1225 427 1262 Luce
453 1226 651 1263 Challenor
675 1225 806 1272 Grego.
834 1224 994 1260 Newton
1019 1227 1059 1260 et
1084 1223 1148 1259 W⁰
1173 1223 1286 1260 Cosin

98 1283 154 1319 Ex
179 1283 282 1320 colle.
308 1284 385 1320 divi
410 1284 598 1320 Johannis
656 1283 748 1320 Tho.
776 1283 900 1319 Cooke
931 1282 1091 1318 Ricardo
1116 1282 1278 1318 Forman
1306 1282 1466 1318 Ricardo
1492 1282 1645 1329 Bridges

193 1343 301 1379 Zach.
329 1342 519 1379 Saunders
545 1342 608 1378 W⁰
631 1342 777 1378 Wilson
803 1342 861 1379 J0.
890 1342 1033 1377 Morres
1057 1342 1080 1377 J
1084 1354 1115 1377 o.
1144 1341 1298 1377 Huffam
1324 1341 1381 1377 J0.
1411 1341 1535 1377 Mores

98 1402 154 1438 Ex
186 1403 339 1449 collegio
371 1403 513 1439 Christi
571 1402 636 1438 W⁰
665 1402 801 1438 Bolton
835 1402 894 1439 J0.
926 1401 1106 1448 Tunebye
1140 1401 1270 1437 Franc.
1303 1401 1468 1447 Heringe
1502 1401 1645 1448 Rogero

193 1462 323 1498 Lunde
348 1462 525 1499 Christos.
550 1462 688 1499 Currer
713 1461 874 1498 Ricardo
900 1462 936 1497 N
939 1462 1078 1497 icolson
1104 1461 1195 1496 Tho.
1221 1460 1380 1508 Wyther
1405 1461 1496 1496 Tho.
1521 1461 1645 1508 Graye

192 1521 294 1558 Edw.
320 1522 453 1570 Otway
477 1523 541 1559 W⁰
564 1523 655 1558 Prat
680 1522 789 1558 Nich.
814 1522 966 1558 Walker

97 1580 154 1615 Ex
186 1580 339 1628 collegio
373 1581 513 1627 Regino
571 1581 634 1617 W⁰
668 1581 847 1617 Nicolson
890 1579 1091 1627 Radulpho
1132 1579 1261 1626 Dodge
1299 1579 1461 1616 Roberto
1494 1580 1646 1617 Jackler

192 1639 356 1676 Roberto
379 1639 584 1676 Barnewell
608 1639 700 1676 Tho.
719 1639 872 1675 Jackler
896 1639 992 1675 Mosi
1010 1638 1128 1675 Wood
1145 1638 1169 1674 J
1172 1650 1203 1674 o.
1224 1638 1356 1675 Butler
1377 1639 1468 1675 Tho.
1487 1639 1644 1676 Colman

191 1699 268 1735 Ric.
290 1700 402 1735 Emot
419 1699 594 1737 Thursta.
614 1699 816 1746 Bagshawe

97 1758 153 1795 Ex
177 1758 330 1805 collegio
355 1758 530 1806 Corporis
555 1758 698 1795 Christi
757 1758 822 1794 W⁰
844 1757 1035 1794 Cockman
1059 1757 1084 1794 J
1086 1769 1117 1794 o.
1146 1757 1295 1794 Bankes
1319 1758 1410 1794 Tho.
1437 1757 1646 1795 Cowldwell

190 1817 247 1854 J0.
283 1818 458 1855 Cawston
494 1818 590 1854 Hen.
627 1817 745 1854 Mihel
782 1818 884 1865 Step.
921 1817 1145 1853 Newcomen
1180 1817 1243 1852 W⁰
1276 1818 1402 1864 Payne
1436 1818 1513 1854 Ric.
1548 1819 1648 1854 Evat

190 1877 292 1925 Step.
320 1877 478 1914 Greenel
508 1877 606 1914 Heu.
636 1876 892 1913 Homberston
918 1877 982 1913 W⁰
1007 1877 1139 1913 Samen
1167 1877 1270 1914 Edw.
1299 1876 1472 1913 Bulward
1498 1881 1538 1913 et
1567 1878 1645 1914 Pet.

189 1937 321 1973 Amies

96 1994 152 2030 Ex
175 1993 328 2041 collegio
349 1994 443 2031 Jesu
502 1994 644 2031 Rando.
664 1994 774 2031 Dodd
798 1994 889 2030 Tho.
909 1994 1019 2032 Woll.
1043 1994 1148 2041 Egid.
1168 1994 1284 2042 Aylet
1306 1994 1478 2030 Bonefac.
1498 1994 1646 2031 Wattes

191 2052 339 2089 Adamo
356 2053 489 2089 Loftus
506 2053 729 2090 Ethelberto
746 2054 910 2100 Spencer
926 2053 1019 2090 Tho.
1039 2054 1202 2090 Pearson
1219 2056 1259 2090 et
1275 2053 1367 2089 Tho.
1385 2053 1505 2090 Wood

97 2112 154 2148 Ex
169 2112 323 2160 collegio
340 2112 382 2148 G.
398 2112 428 2149 δι
442 2112 481 2148 C.
525 2112 631 2149 Geor.
652 2112 872 2148 Gouthman
889 2112 1135 2160 [Gouldman]
1153 2112 1249 2149 Oliv.
1270 2113 1392 2149 Green
1410 2113 1502 2149 Tho.
1518 2113 1647 2160 Anger

190 2171 355 2208 Roberto
372 2171 403 2220 [2
412 2171 435 2208 J
438 2171 509 2220 ac]
527 2172 634 2208 Rolfe

25 2243 27 2246 ’
97 2230 153 2266 Ex
178 2230 331 2278 collegio
356 2230 578 2277 Magdalene
635 2231 658 2267 J
662 2243 693 2266 0.
721 2231 885 2278 Gryffith
909 2231 974 2267 W⁰
999 2231 1152 2278 Ingram
1179 2232 1241 2268 W⁰
1266 2231 1396 2278 Lewys

97 2289 154 2324 Ex
170 2289 324 2337 collegio
346 2290 448 2326 Petri
506 2290 606 2326 And.
626 2291 744 2326 Perne
761 2290 962 2338 Radulpho
979 2291 1155 2327 Michaell
1177 2291 1255 2326 Ric.
1275 2291 1391 2338 Trym
1409 2291 1500 2328 Tho.
1519 2291 1647 2327 Fuller

190 2349 282 2384 Tho.
301 2349 533 2386 Steavenson
550 2349 641 2385 Tho.
661 2349 764 2397 Gray
781 2350 845 2386 W⁰
862 2350 979 2397 Parys
995 2350 1087 2386 Tho.
1106 2350 1266 2396 Bawghe

97 2408 153 2443 Ex
185 2408 272 2444 aula
305 2407 413 2444 Clare
472 2409 588 2446 Henr.
624 2409 828 2445 Glascocke
860 2409 952 2445 Tho.
988 2408 1135 2445 Cobbes
1168 2409 1275 2446 Geor.
1311 2409 1437 2456 Payne
1470 2409 1645 2446 Michaeli

190 2466 363 2502 Havorth
381 2467 444 2502 W⁰
462 2467 585 2503 Lister
608 2467 709 2503 Edw.
735 2468 877 2503 Barber
899 2468 1005 2504 Geor.
1032 2468 1176 2515 Kirbye
1200 2468 1374 2504 Michaeli
1392 2468 1646 2505 Waterhowse

15 2514 18 2515 ⁷
96 2525 152 2560 Ex
176 2525 329 2572 collegio
354 2526 574 2562 Emanuelis
634 2526 724 2562 Rob.
754 2527 959 2573 Houghton
986 2527 1116 2563 Franc.
1144 2528 1287 2564 Harvie

96 2584 151 2620 Ex
175 2585 261 2620 aula
287 2585 413 2621 Pemb.
473 2586 496 2621 J
500 2598 531 2621 0.
557 2586 715 2621 Watson
741 2586 922 2622 Nicholao
948 2587 1181 2623 Richemond
1208 2586 1299 2622 Rob.
1323 2586 1435 2622 Allen

95 2644 152 2679 Ex
179 2644 266 2680 aula
300 2645 483 2681 Katerine
541 2645 700 2681 Ricardo
731 2646 887 2682 Preston
917 2647 940 2682 J
944 2658 975 2682 o.
1008 2646 1195 2682 Beckman
1231 2646 1391 2682 Ricardo
1420 2646 1555 2683 Clarke
1582 2648 1606 2684 J
1609 2659 1641 2684 o.

190 2702 342 2739 Hutton
369 2703 552 2739 Nicholao
578 2703 766 2739 Brickdall
792 2704 883 2740 Tho.
906 2704 1093 2740 Wadeson

1663 539 1829 578 1315&

95 2762 152 2797 Ex
174 2762 327 2808 collegio
352 2762 465 2810 Regio
524 2763 689 2799 Samueli
713 2763 899 2800 Gardiner
914 2764 981 2810 qui
1003 2764 1116 2810 petiit
1138 2764 1298 2810 gratiam
1359 2765 1458 2801 Item
1483 2765 1642 2802 Ricardo
1680 2785 1683 2789 ,

189 2820 333 2867 Sparke
363 2821 524 2857 Ricardo
553 2821 694 2858 Sutton
725 2822 912 2858 Willelmo
947 2822 1206 2869 Mountegewe
1235 2823 1373 2870 Vmph.
1405 2823 1551 2860 Crewes
1579 2824 1643 2858 W⁰

189 2880 332 2928 Sharpe
357 2881 447 2917 Tho.
473 2881 608 2918 Clarke
632 2885 670 2918 et
695 2882 718 2918 J
721 2894 752 2918 o.
778 2882 915 2930 Smyth
938 2881 1078 2929 quibus
1102 2882 1207 2918 nulla.
1231 2882 1352 2929 petita
1375 2887 1444 2918 aut
1468 2895 1644 2920 concessa

188 2942 247 2975 est
270 2940 393 2986 gratia

203 3023 236 3050 L.
260 3023 312 3050 ιν.
1483 3015 1534 3053 28
