2008 3294
340 188 342 190 ·
357 178 444 220 366
940 165 1092 223 GRAoE
1122 191 1246 223 Boox
1277 190 1308 222 Δ
1687 179 1905 235 [1582-83

844 451 962 494 Ordo
992 451 1259 494 senioritatis
1289 467 1424 508 mary.

704 571 958 618 Thorowgood
1118 571 1262 618 Speght
1421 571 1553 618 Harvy

1035 732 1054 744 Q

875 799 1086 842 Doctores
1109 799 1224 857 juris
1254 799 1395 843 civilis

358 935 586 972 Conceditur
602 939 624 972 4
640 937 663 973 J
667 936 734 973 ulii
753 939 846 973 1582
863 937 1043 984 magistro
1060 937 1084 973 J
1086 937 1226 973 ohanni
1243 937 1366 985 Amye
1383 940 1425 974 vt
1442 937 1613 974 studium
1631 939 1652 975 7
1669 949 1854 974 annorum
1866 938 1907 973 in

453 995 533 1031 iure
558 995 659 1031 civili
683 999 886 1043 postquam
911 997 1049 1032 rexerit
1078 997 1118 1032 in
1147 996 1294 1033 artibus
1317 1008 1405 1032 cum
1430 995 1733 1044 opposicionibus
1757 1008 1907 1044 respon-

422 1094 426 1098 ,
452 1053 622 1090 sionibus
646 1055 855 1101 ceterisque
877 1055 1064 1091 exercitiis
1086 1066 1154 1102 per
1175 1058 1323 1092 statuta
1348 1056 1448 1102 regia
1473 1055 1664 1103 requisitis
1688 1056 1851 1092 sufficiat
1873 1056 1908 1092 ei

452 1113 501 1149 ad
517 1113 775 1160 incipiendum
792 1114 832 1150 in
849 1113 980 1150 eodem
997 1114 1079 1150 iure

359 1172 500 1208 Eadem
522 1173 644 1219 gratia
665 1173 883 1210 conceditur
904 1176 927 1209 8
951 1173 1042 1210 Maii
1066 1174 1247 1221 magistro
1271 1174 1439 1211 Johanni
1465 1173 1649 1211 Gardiner
1672 1186 1758 1210 cum
1781 1174 1908 1211 studio

454 1235 476 1268 5
493 1243 678 1269 annorum
696 1237 782 1280 post
798 1233 957 1280 gradum
974 1233 1310 1271 bacchalaureatus
1326 1238 1366 1271 et
1385 1237 1429 1271 18
1448 1235 1539 1271 Maii
1558 1235 1648 1271 Tho.
1670 1234 1805 1282 Ridley
1821 1247 1907 1271 cum

453 1291 580 1328 studio
597 1293 618 1330 7
635 1304 820 1329 annorum
838 1297 1040 1341 postquam
1057 1294 1196 1330 rexerit
1212 1294 1251 1330 in
1268 1293 1417 1331 artibus

359 1351 586 1387 Conceditur
603 1354 624 1389 7
643 1352 862 1389 Decembris
879 1357 922 1389 vt
939 1353 1119 1400 magister
1130 1353 1344 1390 Willelmus
1361 1354 1499 1401 Smyth
1513 1355 1552 1390 in
1566 1354 1757 1390 academia
1770 1354 1906 1391 Oxoni-

453 1410 534 1446 ensi
558 1410 651 1447 iuris
673 1411 795 1448 civilis
816 1411 948 1448 doctor
970 1412 1022 1448 sit
1043 1412 1106 1448 hic
1127 1412 1229 1459 apud
1252 1424 1318 1448 vos
1341 1413 1381 1448 in
1403 1412 1545 1449 eisdem
1571 1412 1689 1460 gradu
1716 1412 1845 1449 ordine
1870 1415 1910 1449 et

453 1481 554 1506 anno
570 1469 711 1517 quibus
728 1471 803 1508 fuit
820 1471 859 1508 in
877 1471 1007 1508 eadem
1023 1471 1217 1509 academia
1234 1471 1437 1509 Oxoniensi

981 1700 1035 1744 In
1070 1700 1285 1744 medicina

361 1835 471 1871 Mem.
498 1834 605 1879 Quod
634 1834 840 1870 consimilis
864 1834 986 1881 gratia
1015 1846 1190 1870 concessa
1218 1834 1293 1870 fuit
1327 1833 1489 1870 Roberto
1521 1834 1670 1871 Hullier
1699 1835 1737 1871 in
1766 1835 1912 1873 artibus

455 1894 633 1940 magistro
651 1897 672 1929 4
691 1893 781 1929 Maii
798 1892 846 1929 ad
864 1893 1118 1941 incipiendum
1137 1894 1174 1929 in
1195 1893 1381 1930 medicina
1397 1896 1436 1930 ot
1456 1897 1499 1930 18
1517 1894 1607 1930 Maii
1625 1894 1683 1931 J0.
1697 1894 1855 1932 Gawber
1871 1896 1910 1932 in

453 1952 599 1989 artibus
624 1952 802 1999 magistro
828 1956 867 1988 ct
897 1955 942 1988 22
968 1952 1058 1989 Maii
1085 1953 1175 1989 Tho.
1203 1953 1382 1989 Turswell
1408 1953 1446 1989 iu
1471 1953 1618 1990 artibus
1643 1954 1820 2001 magistro
1844 1956 1910 2002 qui

453 2023 584 2048 omnes
600 2010 816 2047 defecerunt
831 2013 871 2047 et
888 2010 970 2047 idco
987 2011 1247 2048 forisfooerunt
1263 2012 1401 2059 singuli
1418 2024 1465 2048 xx
1476 2024 1495 2048 s
1510 2012 1575 2048 sed
1599 2013 1776 2060 magister
1799 2014 1911 2050 Turs-

453 2071 534 2108 wcll
556 2070 754 2107 subitaneo
774 2069 904 2107 morbo
926 2070 1001 2106 fuit
1023 2075 1216 2118 correptus
1236 2071 1282 2108 do
1306 2083 1381 2119 quo
1402 2071 1491 2108 fecit
1515 2071 1627 2108 fldem
1652 2071 1804 2109 domino
1829 2085 1911 2121 pro·

453 2130 672 2167 cancellario
689 2134 728 2167 et
743 2130 798 2167 sio
813 2129 1022 2167 absolvitur
1037 2142 1060 2167 a
1077 2130 1220 2167 mulcta

363 2242 473 2279 Mem.
498 2240 614 2277 otiam
643 2238 743 2286 quod
767 2238 909 2275 domini
934 2238 1091 2286 Jacquis
1114 2242 1154 2275 ct
1177 2238 1236 2276 J0.
1263 2237 1446 2275 Robertos
1471 2238 1612 2276 Christi
1639 2239 1823 2288 incepturi
1848 2241 1909 2278 de-

455 2301 625 2338 fecerunt
648 2302 687 2335 et
713 2298 795 2335 ideo
818 2297 979 2345 quilibet
1003 2310 1131 2335 eorum
1157 2298 1337 2336 forisfecit
1362 2311 1438 2335 xxs

170 2546 191 2583 s,
224 2546 291 2584 141
317 2559 342 2583 a
862 2524 1166 2568 Bacchalaurei
1199 2524 1416 2583 theologie

360 2643 588 2680 (huncoditur
606 2646 645 2680 :3⁰
664 2644 752 2680 Maii
779 2644 957 2691 nmgintro
982 2644 1172 2681 Loonm-do
1196 2644 1402 2682 chmnbors
1426 2647 1466 2681 vt
1490 2645 1657 2682 studium
1683 2648 1704 2684 7
1727 2658 1910 2684 annorum

455 2702 491 2738 iu
512 2702 695 2750 theologia
713 2705 910 2750 lxmtqumn
930 2703 1066 2740 rexerit
1083 2704 1120 2740 in
1138 2703 1284 2740 artibus
1308 2715 1392 2741 oum
1417 2703 1591 2741 omnibus
1613 2705 1911 2752 oppositionibus

456 2759 759 2807 roulmmionibms
779 2760 1015 2797 norumnibun
1036 2765 1076 2798 ct
1097 2761 1181 2798 aliis
1202 2762 1388 2799 exercitiis
1413 2774 1479 2810 per
1500 2766 1647 2799 statuta
1667 2764 1767 2810 rogia
1789 2765 1909 2812 roqui-

455 2820 541 2856 nitin
564 2820 728 2857 mnmeiat
752 2820 785 2857 oi
814 2824 890 2857 mm
917 2819 964 2857 ad
990 2820 1252 2869 opponendum
1281 2832 1395 2869 quam
1422 2820 1470 2859 ad
1501 2821 1718 2859 intrandum
1740 2822 1779 2859 in
1805 2835 1911 2861 sacra

460 2878 644 2927 tbwlogia
