2008 3294
366 171 450 213 416
947 181 1098 213 GRACE
1129 182 1252 213 BOOK
1285 182 1314 212 Δ
1697 167 1915 226 [1586-87

363 283 590 320 Conceditur
609 288 652 321 16
671 285 889 321 Decembris
938 285 1034 321 Cum
1051 284 1132 321 dies
1148 284 1196 320 ad
1213 284 1511 331 philosophicam
1528 283 1827 331 disputacionem
1850 294 1916 330 per

457 346 605 380 statuta
632 344 822 380 academie
849 343 1031 390 assignati
1060 355 1136 379 non
1160 343 1354 379 sufficiunt
1378 343 1586 390 incepturis
1610 343 1649 378 in
1673 341 1822 378 artibus
1846 341 1916 377 hoc

456 413 555 438 anno
578 403 699 449 placet
717 403 823 439 vobis
838 405 882 438 vt
898 406 1024 438 vestra
1044 402 1270 438 auctoritate
1291 401 1431 437 eisdem
1453 401 1661 448 incepturis
1682 401 1841 437 liberum
1864 400 1916 436 sit

457 462 559 498 omni
584 463 748 508 profesto
773 462 834 498 die
858 461 1060 498 cuiuslibet
1083 461 1294 508 septimane
1318 461 1357 496 in
1383 461 1544 497 termino
1572 461 1852 508 disputaciones
1877 463 1916 496 et

456 522 715 568 responsiones
731 533 820 557 suas
836 533 922 557 cum
939 521 1130 567 magistris
1146 521 1431 568 disputantibus
1448 532 1622 568 peragere
1633 524 1712 557 tam
1727 521 1766 556 in
1779 520 1917 556 scholis

455 579 690 627 philosophie
706 593 822 627 quam
839 581 1053 617 dialectices
1065 579 1115 616 ab
1126 580 1218 616 hora
1230 592 1330 616 nona
1341 580 1389 616 ad
1403 579 1639 616 vndecimam
1653 579 1915 616 antemeridia-

458 648 547 673 nam
572 642 611 674 et
635 637 684 674 ab
710 639 801 674 hora
824 638 947 686 prima
971 637 1019 673 ad
1044 638 1196 673 tertiam
1223 637 1519 684 pomeridianam
1548 649 1592 674 ea
1621 640 1750 674 tamen
1775 638 1854 684 lege
1877 640 1917 674 et

458 696 672 732 conditione
698 700 740 732 vt
769 698 822 743 (l)
852 696 949 732 alter
972 699 1258 743 procuratorum
1283 696 1385 732 adsit
1408 708 1476 744 per
1499 696 1594 733 duas
1618 696 1782 743 integras
1806 697 1918 733 horas

175 766 202 794 ῐ.
228 755 304 794 153
321 755 346 793 b
458 755 756 802 disputacionem
779 756 978 791 moderans
997 756 1050 802 (2)
1066 767 1265 802 responsor
1282 767 1370 791 vero
1387 755 1584 802 vtriusque
1605 755 1814 802 questionis
1834 766 1916 791 sen-

459 815 622 851 tentiam
636 818 675 850 et
688 814 923 850 intellectum
937 808 1152 849 memoriter
1163 815 1203 849 et
1214 813 1296 849 sine
1306 813 1401 849 libro
1414 812 1626 850 enucleabit
1637 814 1691 860 (3)
1703 813 1918 861 questiones

457 873 707 920 disputandas
724 873 884 920 publicis
900 872 1113 908 scholarum
1129 872 1249 908 valvis
1268 883 1355 908 cum
1378 871 1652 919 subscriptione
1674 872 1838 908 nominis
1859 872 1918 908 sui

459 933 585 979 affiget
601 932 693 968 hora
710 936 843 969 octava
865 935 954 968 ante
976 931 1277 978 disputacionem
1302 931 1354 977 (4)
1377 933 1418 967 et
1438 931 1569 967 eodem
1586 933 1757 979 ‘tempore
1775 931 1919 968 bedello

459 1003 596 1028 nomen
613 991 847 1039 disputantis
863 991 988 1027 locum
1000 994 1040 1027 et
1051 993 1204 1037 tempus
1217 989 1444 1036 significabit
1457 990 1523 1036 qui
1537 990 1590 1036 (5)
1604 990 1711 1026 iuxta
1723 997 1916 1037 receptum

460 1062 601 1087 morem
628 1050 818 1087 academie
845 1061 911 1098 per
937 1049 1103 1096 singulas
1129 1049 1276 1085 scholas
1303 1060 1441 1085 nomen
1467 1049 1700 1096 disputantis
1727 1049 1852 1085 locum
1879 1052 1920 1086 et

461 1111 612 1156 tempus
638 1108 785 1156 publice
810 1107 1051 1144 denuntiabit
1076 1107 1130 1154 (6)
1154 1109 1194 1143 et
1218 1110 1388 1154 tempore
1411 1107 1567 1144 definito
1592 1107 1852 1155 disputantem
1877 1111 1917 1144 et

461 1171 740 1215 procuratorem
770 1168 818 1204 ad
848 1169 1047 1203 consuetas
1076 1166 1275 1203 cathedras
1302 1166 1463 1202 deducet
1492 1167 1544 1213 (7)
1575 1170 1614 1203 et
1642 1167 1839 1204 duodecim
1871 1167 1919 1204 ad

461 1227 590 1263 minus
602 1228 742 1263 artium
757 1226 1016 1263 bacchalaurei
1028 1226 1067 1261 in
1078 1225 1274 1262 habitibus
1286 1228 1325 1261 et
1337 1226 1501 1272 caputiis
1512 1238 1579 1273 per
1590 1226 1778 1274 integrum
1792 1226 1919 1274 dispu-

462 1285 621 1321 tacionis
638 1288 788 1332 tempus
805 1284 985 1321 intersint
1034 1284 1085 1319 Et
1101 1284 1134 1319 si
1151 1283 1359 1333 quidquam
1377 1283 1644 1331 premissorum
1661 1285 1919 1321 intermissum

461 1343 576 1379 fuerit
592 1347 660 1380 aut
677 1355 784 1380 secus
801 1343 944 1379 factum
962 1345 1054 1378 tunc
1071 1354 1115 1378 ea
1131 1342 1341 1389 disputatio
1358 1353 1426 1389 pro
1443 1342 1748 1379 nulla‘habeatur

369 1402 597 1438 Conceditur
620 1405 665 1438 24
690 1402 818 1438 Martii
869 1402 965 1438 Cum
988 1401 1270 1448 disputaciones
1293 1400 1548 1448 philosophice
1571 1413 1692 1449 nuper
1713 1401 1800 1449 (hoc
1821 1413 1920 1438 anno

464 1461 687 1508 inceptnris)
705 1473 878 1498 concesse
900 1474 976 1497 non
1000 1461 1193 1498 sufficiunt
1214 1460 1354 1496 eisdem
1375 1460 1422 1496 ad
1443 1465 1552 1497 actus
1572 1473 1660 1498 suos
1680 1461 1923 1497 scholasticos

464 1520 691 1567 peragendos
714 1521 838 1567 placet
861 1519 966 1556 vobis
989 1522 1032 1556 vt
1054 1519 1196 1556 eisdem
1219 1519 1330 1555 liceat
1356 1522 1482 1556 vestra
1505 1532 1593 1556 cum
1619 1520 1728 1557 venia
1751 1520 1921 1567 disputa-

465 1580 590 1615 ciones
602 1592 691 1616 suas
708 1592 794 1616 eum
817 1580 1009 1626 magistris
1030 1591 1203 1626 peragere
1226 1579 1384 1626 singulis
1406 1579 1583 1626 profestis
1605 1578 1739 1615 diebus
1760 1578 1809 1615 ab
1831 1579 1923 1616 hora

467 1639 580 1675 tertia
605 1639 652 1675 ad
680 1640 854 1686 quintam
881 1639 1178 1686 pomeridianam
1209 1639 1246 1675 in
1274 1638 1412 1675 scholis
1439 1638 1600 1686 publicis
1625 1639 1680 1675 sic
1706 1642 1748 1675 vt
1776 1651 1924 1689 semper

467 1710 564 1735 vnus
589 1702 875 1745 procuratorum
902 1698 1054 1734 intersit
1078 1701 1118 1734 et
1143 1709 1239 1734 vnus
1262 1697 1491 1734 bedellorum
1514 1701 1554 1734 et
1575 1697 1704 1735 decem
1726 1699 1774 1735 ad
1798 1700 1923 1736 minus

467 1756 724 1794 bacchalaurei
743 1758 782 1794 in
800 1756 995 1793 habitibus
1012 1760 1051 1793 et
1068 1757 1286 1804 questiones
1309 1755 1537 1803 disputande
1559 1757 1652 1793 hora
1673 1760 1807 1794 octava
1827 1759 1923 1795 eius-

466 1816 551 1853 dem
568 1816 642 1853 diei
660 1829 736 1864 quo
752 1817 962 1864 disputatio
978 1816 1107 1853 futura
1124 1819 1184 1852 est
1201 1816 1321 1852 valvis
1337 1816 1549 1853 scholarum
1566 1817 1767 1864 affigantur

373 1876 601 1913 Conceditur
618 1880 639 1912 5
656 1877 680 1913 J
684 1877 750 1913 ulii
771 1879 862 1914 1587
913 1875 1236 1922 Quemadmodum
1255 1888 1278 1912 a
1295 1876 1435 1912 maiore
1457 1876 1606 1912 ballivis
1622 1878 1661 1912 et
1679 1875 1926 1924 burgensibus

468 1936 581 1972 huius
604 1936 731 1983 oppidi
756 1935 1076 1982 Cantebrigiensis
1102 1935 1234 1972 multis
1256 1935 1417 1971 antehac
1439 1935 1577 1983 elapsis
1598 1935 1708 1972 annis
1732 1935 1924 1973 decretum

468 1999 507 2032 et
533 1996 783 2032 constitutum
813 2007 894 2032 esse
923 1995 1169 2043 intelligimus
1199 2006 1245 2031 ne
1275 1995 1350 2031 vlla
1378 1994 1525 2031 edificia
1553 1994 1683 2042 predia
1710 1995 1832 2032 officia
1858 2000 1927 2032 aut

468 2054 664 2091 commoda
695 2054 744 2091 ad
777 2055 903 2102 ipsum
936 2054 1118 2102 oppidum
1152 2065 1303 2101 quoquo
1334 2053 1444 2090 modo
1472 2054 1703 2101 pertinentia
1731 2053 1778 2091 ad
1807 2054 1924 2091 vllum

468 2112 585 2149 alium
608 2113 886 2149 transferantur
908 2112 979 2148 nisi
1002 2113 1041 2148 in
1062 2111 1228 2159 aliquem
1251 2123 1297 2148 ex
1319 2111 1570 2158 burgensibus
1593 2111 1706 2148 huius
1729 2112 1857 2160 oppidi
1880 2125 1927 2150 ne

470 2172 649 2219 neglectis
677 2172 741 2219 qui
772 2176 863 2209 sunt
890 2184 934 2208 ex
962 2172 1113 2220 propria
1140 2183 1269 2208 eorum
1298 2171 1442 2208 familia
1469 2172 1602 2208 alienis
1627 2184 1650 2208 a
1678 2184 1747 2209 suo
1775 2184 1927 2221 corpore

469 2231 707 2269 consulerent
729 2231 795 2268 sed
818 2232 946 2279 potius
969 2231 1138 2268 membra
1160 2231 1326 2279 corporis
1348 2232 1407 2268 sui
1430 2243 1504 2268 nou
1525 2232 1648 2268 solum
1668 2232 1829 2280 propriis
1849 2233 1928 2269 suis

470 2291 659 2328 beneficiis
681 2290 954 2338 locupletantes
981 2291 1047 2328 sed
1070 2291 1186 2328 etiam
1209 2291 1331 2328 multa
1353 2302 1472 2339 eaque
1495 2291 1659 2328 maxima
1679 2291 1858 2329 beneficia
1879 2291 1928 2329 ab

471 2351 552 2399 ipsa
570 2350 762 2387 academia
778 2354 818 2387 et
834 2351 999 2398 collegiis
1020 2348 1268 2399 percipientes
1288 2351 1452 2398 optimos
1474 2362 1646 2399 quosque
1668 2350 1717 2388 ab
1736 2351 1927 2389 academia

470 2410 626 2447 deiicere
643 2414 682 2446 et
699 2410 737 2447 in
755 2422 884 2447 eornm
902 2410 1031 2447 album
1049 2415 1204 2459 propter
1225 2422 1331 2458 spem
1347 2414 1387 2447 et
1403 2410 1724 2459 exspectacionem
1747 2409 1927 2447 vberioris

470 2469 654 2507 commodi
673 2470 838 2517 cooptari
857 2470 1002 2507 faciunt
1052 2470 1114 2507 Ita
1135 2470 1274 2506 nostris
1293 2470 1518 2507 academicis
1534 2469 1709 2518 presidiis
1731 2472 1770 2506 et
1792 2468 1927 2517 opibus

469 2529 606 2566 armati
626 2529 760 2565 fortius
778 2528 1007 2566 academiam
1027 2540 1242 2577 oppugnare
1267 2529 1393 2566 valent
1416 2532 1456 2566 et
1477 2529 1600 2566 solent
1660 2528 1787 2565 Placet
1810 2528 1926 2576 igitur

472 2587 577 2624 vobis
597 2592 637 2624 vt
655 2600 729 2624 non
747 2587 858 2624 liceat
874 2587 1050 2635 deinceps
1066 2587 1178 2625 alicui
1196 2588 1356 2625 scholari
1371 2588 1484 2625 huius
1497 2587 1686 2625 academie
1699 2587 1778 2625 sive
1791 2587 1925 2634 magis-

473 2651 530 2683 tro
547 2647 626 2683 sivo
642 2646 743 2683 socio
762 2646 921 2683 alicuius
941 2646 1083 2693 collegii
1107 2646 1191 2683 aule
1211 2646 1346 2683 domus
1369 2646 1426 2684 vel
1448 2646 1602 2695 hospitii
1625 2646 1704 2683 sive
1726 2645 1790 2683 alii
1813 2645 1924 2683 alicui

471 2705 628 2742 scholari
655 2717 720 2742 sen
752 2705 945 2753 privilegio
970 2705 1124 2742 scolaris
1148 2705 1326 2752 gaudenti
1352 2705 1499 2753 aliquas
1524 2710 1644 2742 terras
1668 2705 1799 2742 domos
1823 2707 1925 2742 tene-

470 2767 598 2802 menta
617 2765 696 2800 nive
717 2764 838 2801 officia
859 2763 906 2801 ad
930 2764 1160 2801 academiam
1185 2763 1339 2811 collegia
1361 2763 1483 2801 dictos
1506 2763 1693 2801 scholares
1720 2763 1926 2800 servientes

471 2824 527 2861 vel
551 2824 731 2861 scholaris
755 2824 948 2871 privilegio
970 2823 1176 2870 gaudentes
1198 2835 1264 2860 seu
1286 2823 1333 2860 ad
1357 2835 1486 2860 eorum
1509 2822 1673 2871 aliquem
1697 2822 1926 2871 pertinentia

469 2883 580 2921 alicui
612 2882 742 2919 maiori
768 2881 906 2920 ballivo
933 2882 990 2920 vel
1017 2882 1191 2930 burgensi
1218 2882 1330 2919 huius
1353 2881 1481 2931 oppidi
1505 2881 1744 2930 Cantebrigie
1766 2881 1930 2919 mediate
