2008 3216
362 189 445 230 116
947 198 1099 231 emor:
1130 199 1255 231 BooK
1287 199 1316 230 Δ
1686 187 1905 244 [1556-57

972 535 1302 593 [1556-1557]

187 669 229 714 'f.
255 676 343 715 462
359 674 512 717 Gratie
552 689 752 718 concesse
792 675 839 717 in
877 675 1009 732 plena
1049 675 1387 732 congregacione
1429 675 1697 733 Regentium
1739 680 1786 718 et
1821 690 1909 717 non

475 745 741 800 Regentium
783 761 810 787 a
849 745 960 788 festo
1006 745 1146 788 sancti
1198 745 1425 788 Michaelis
1465 760 1578 788 anno
1621 747 1733 788 1556
1777 760 1910 802 vsque

474 812 531 855 ad
567 813 680 855 idem
720 814 881 856 festum
919 829 973 856 ex
1009 819 1116 856 tunc
1150 813 1347 871 proxime
1383 829 1569 872 sequens
1604 814 1736 857 Andr.
1772 814 1910 857 Perne

474 898 592 926 sacre
642 884 862 942 theologie
911 885 1150 941 professore
1196 890 1303 927 tunc
1348 884 1682 942 procancellario
1727 889 1774 927 et
1820 899 1909 926 ma-

473 953 622 1010 gistris
670 954 886 998 Nicholao
937 955 1175 1013 Robynson
1221 962 1267 998 et
1317 956 1509 1014 Hugone
1551 955 1667 1012 Glyn
1708 970 1909 1012 procura-

472 1022 640 1066 toribus

837 1146 1150 1190 Bacchalaurei
1182 1146 1230 1189 in
1259 1146 1429 1190 artibus

353 1259 399 1295 In
428 1260 562 1307 primis
590 1261 808 1297 conceditur
837 1260 1002 1297 Roberto
1032 1261 1137 1308 Long
1161 1264 1206 1298 vt
1235 1263 1280 1297 12
1309 1261 1463 1297 termini
1491 1261 1670 1308 completi
1700 1261 1740 1297 in
1768 1261 1910 1308 quibus

446 1320 626 1357 lectiones
661 1321 871 1357 ordinarias
907 1321 1057 1357 audiuit
1091 1321 1180 1358 licet
1213 1333 1290 1357 non
1322 1321 1476 1358 omnino
1508 1321 1716 1358 secundum
1748 1322 1908 1358 formam

445 1379 583 1415 statuti
609 1390 696 1415 cum
721 1379 1023 1427 oppositionibus
1047 1382 1087 1416 et
1110 1379 1417 1428 responsionibus
1441 1380 1636 1427 requisitis
1661 1380 1850 1417 sufficiant
1873 1380 1908 1417 ei

446 1437 495 1474 ad
519 1437 823 1486 respondendum
847 1439 1038 1486 questioni

352 1496 495 1533 Eadem
517 1498 639 1545 gratia
659 1497 707 1534 de
726 1497 840 1534 verbo
862 1498 902 1534 in
919 1497 1078 1535 verbum
1099 1498 1319 1536 conceditur
1342 1499 1517 1547 Philippo
1539 1499 1685 1547 Tylney
1701 1502 1742 1536 et
1764 1499 1908 1536 Thome

449 1558 568 1606 Iesse

354 1616 452 1654 Item
479 1617 697 1655 conceditur
721 1618 862 1655 Joanni
889 1617 1016 1655 Oobbe
1042 1620 1086 1655 vt
1116 1621 1161 1655 12
1189 1618 1343 1656 termini
1372 1618 1412 1656 in
1439 1618 1579 1668 quibus
1606 1619 1785 1656 lectiones
1811 1621 1908 1656 ordi-

447 1676 574 1712 narias
609 1676 759 1713 audiuit
794 1677 883 1714 licet
919 1689 995 1713 non
1032 1677 1186 1714 omnino
1218 1677 1425 1714 secundum
1457 1678 1617 1715 formam
1650 1679 1788 1715 statuti
1821 1691 1908 1716 cum

445 1735 746 1783 oppositionibus
773 1738 813 1772 et
840 1735 1149 1784 responsionibus
1178 1737 1373 1784 requisitis
1402 1737 1593 1774 sufficiant
1617 1737 1652 1773 ei
1681 1737 1729 1774 ad
1757 1749 1908 1786 respon-

445 1794 612 1831 dendum
636 1796 826 1843 questioni

351 1852 493 1889 Eadem
516 1853 639 1900 gratia
662 1852 709 1889 de
734 1853 846 1890 verbo
871 1853 910 1890 in
935 1852 1093 1890 verbum
1118 1853 1337 1891 conceditur
1363 1854 1546 1891 Nicholao
1571 1853 1697 1891 Oobbe
1719 1854 1908 1892 Willelmo

447 1912 578 1948 Dowse
597 1912 789 1950 Leonardo
807 1913 948 1950 Ranow
964 1913 1153 1950 Willelmo
1171 1913 1395 1961 Haryngton
1413 1917 1452 1950 et
1471 1913 1659 1950 Ludovico
1676 1913 1789 1962 Guyn

357 1970 455 2007 Item
490 1971 709 2008 conceditur
741 1971 929 2009 Richardo
962 1972 1122 2020 Smythe
1150 1976 1194 2009 vt
1228 1975 1268 2008 11
1301 1973 1454 2009 termini
1488 1973 1528 2009 in
1557 1972 1697 2020 quibus
1729 1973 1908 2011 lectiones

445 2029 653 2067 ordinarias
676 2030 826 2068 audiuit
850 2031 939 2068 licet
963 2043 1038 2068 non
1063 2031 1218 2067 omnino
1242 2031 1449 2068 secundum
1472 2032 1633 2068 formam
1656 2033 1794 2069 statuti
1820 2044 1906 2069 cum

446 2090 748 2137 oppositionibus
779 2093 819 2127 et
851 2090 1158 2138 responsionibus
1192 2091 1385 2138 requisitis
1418 2091 1608 2128 sufficiant
1639 2092 1674 2128 ei
1707 2104 1775 2139 pro
1807 2104 1906 2129 com-

445 2149 559 2196 pletis
590 2149 709 2196 gradu
740 2153 780 2187 et
812 2150 933 2187 forma
961 2149 1295 2187 bacchalaureatus
1323 2151 1363 2187 in
1392 2150 1540 2188 artibus
1604 2151 1666 2187 Sic
1695 2151 1796 2198 quod
1826 2151 1907 2188 eius

444 2208 607 2245 eruditio
635 2209 741 2257 prius
769 2209 1006 2247 examinetur
1034 2213 1073 2247 et
1101 2210 1332 2258 approbetur
1359 2222 1427 2259 per
1455 2211 1653 2258 magistros
1687 2211 1839 2248 Hutton
1868 2214 1907 2248 et

446 2268 594 2304 Turner
624 2269 730 2316 graui
764 2269 866 2306 enim
899 2272 1124 2318 paupertate
1156 2282 1309 2318 pressus
1341 2270 1412 2307 hac
1439 2270 1758 2307 determinacione
1786 2270 1906 2307 deter-

446 2329 590 2365 minare
631 2340 706 2365 non
747 2329 874 2377 potuit
910 2333 950 2366 et
984 2330 1193 2378 proximam
1227 2330 1308 2367 sine
1341 2330 1505 2367 maximo
1537 2342 1606 2366 suo
1638 2329 1834 2378 dispendio
1867 2330 1907 2366 in

446 2388 648 2425 amissione
671 2388 839 2426 sodalicii
864 2389 965 2437 quod
990 2392 1093 2426 certo
1117 2393 1245 2438 sperat
1268 2391 1463 2437 expectare
1488 2401 1562 2426 non
1588 2392 1714 2437 potest

356 2445 453 2482 Item
481 2445 701 2483 conceditur
723 2446 862 2484 Joanni
891 2447 1032 2495 Bryges
1056 2450 1099 2484 vt
1125 2450 1169 2484 12
1194 2447 1347 2484 termini
1376 2447 1415 2483 in
1440 2446 1579 2495 quibus
1608 2446 1787 2483 lectiones
1810 2446 1908 2483 ordi-

451 2504 576 2541 narias
617 2505 766 2543 audiuit
801 2506 890 2543 licet
925 2517 1000 2543 non
1034 2507 1188 2543 omnino
1220 2506 1426 2544 secundum
1459 2506 1619 2543 formam
1651 2506 1788 2543 statuti
1821 2518 1908 2543 cum

450 2564 753 2613 opposicionibus
781 2569 820 2603 et
847 2566 1152 2615 responsionibus
1181 2566 1373 2614 requisitis
1401 2566 1590 2603 sufficiant
1618 2566 1651 2603 ei
1681 2565 1728 2602 ad
1758 2578 1908 2615 respon-

449 2623 615 2661 dendum
640 2625 828 2672 questioni

358 2683 498 2721 Eadem
524 2684 645 2731 gratia
666 2684 713 2722 de
736 2684 849 2722 verbo
872 2685 910 2723 in
934 2684 1091 2723 verbum
1114 2685 1331 2723 conceditur
1354 2684 1517 2722 Roberto
1541 2684 1694 2733 Hyckes
1715 2683 1909 2732 Rodclpho

451 2742 588 2780 Culton
606 2746 646 2781 et
661 2743 799 2781 ,loanni
821 2744 986 2782 Rolsnde

358 2800 455 2838 Item
480 2801 700 2839 conceditur
724 2802 834 2839 Pctro
860 2802 1040 2851 Bcuerlcy
1063 2806 1106 2840 vt
1133 2806 1173 2840 11
1200 2802 1353 2840 termini
1379 2802 1418 2839 in
1443 2801 1583 2850 quibus
1607 2801 1786 2839 lectiones
1810 2801 1908 2838 ordi-

450 2861 576 2897 naries
615 2860 764 2899 audiuit
804 2861 892 2899 licet
925 2874 1012 2899 non.
1032 2862 1186 2899 omnino
1218 2862 1424 2900 secundum
1458 2862 1617 2899 formam
1650 2861 1787 2898 statuti
1820 2872 1906 2898 cum

449 2919 753 2968 oppon-inionibus
778 2924 818 2958 et
844 2920 1149 2971 responsionibus
1176 2921 1369 2969 requisitis
1397 2921 1586 2958 sufficiant
1614 2920 1646 2957 ei
1673 2919 1720 2957 ad
1746 2920 1909 2958 finaliter
