1976 3276
293 147 379 189 240
875 155 1028 187 GRAcE
1060 155 1184 186 BOOK
1215 154 1245 185 Δ
1623 138 1845 197 [1569-70

382 258 618 307 putabilibus
635 261 861 294 censeantur
878 258 933 293 ita
949 260 1078 293 tamen
1097 259 1139 292 vt
1156 256 1314 302 singulis
1330 255 1464 291 diebus
1477 255 1587 291 vnica
1604 257 1757 290 tantum
1773 253 1841 288 fiat
1878 294 1881 298 ¹

382 317 596 365 disputacio
613 317 654 352 in
670 317 752 353 loco
768 320 808 352 et
825 317 928 352 horis
944 316 1136 352 consuetis
1152 314 1392 363 presentibus
1414 315 1532 350 altero
1555 316 1840 361 procuratorum

383 378 452 412 aut
467 387 597 412 eorum
615 375 754 411 vicario
770 378 809 411 et
826 387 900 411 vno
916 374 1149 411 bedellorum
1165 373 1336 420 alioquin
1353 373 1419 408 illa
1434 372 1626 419 respontio
1646 383 1715 419 pro
1735 370 1840 407 nulla

324 467 328 471 .
384 434 571 470 habeatur

290 493 518 530 Conceditur
537 495 580 530 17
602 493 794 528 Februarii
818 505 905 529 cum
921 493 1002 529 dies
1019 492 1067 528 ad
1084 492 1382 540 philosophicam
1404 490 1704 538 disputacionem
1725 489 1839 535 assig-

385 552 466 588 nati
489 564 556 598 per
578 555 728 587 statuta
753 555 792 588 et
818 564 884 598 per
911 555 1078 587 vestram
1103 551 1401 598 assignacionem
1427 549 1683 597 superioribus
1707 548 1840 584 diebus

384 612 551 647 concessi
569 623 644 646 non
662 611 857 646 sufficiunt
879 611 1088 657 incepturis
1110 611 1150 646 in
1172 610 1320 646 artibus
1342 610 1467 656 placet
1489 607 1596 645 vobis
1618 611 1661 644 vt
1682 607 1841 653 singulis

384 671 518 708 diebus
535 671 712 717 profestis
729 670 803 707 due
822 670 1070 707 observentur
1092 670 1375 717 disputaciones
1398 670 1439 705 in
1461 668 1700 716 philosophia
1722 667 1777 704 sic
1799 669 1841 702 vt

384 730 458 766 due
490 732 643 766 tantum
676 730 834 776 singulis
865 729 999 766 diebus
1032 731 1127 766 fiant
1159 729 1439 776 disputaciones
1471 728 1586 775 idque
1622 727 1662 763 in
1703 726 1842 763 scholis

386 790 622 836 philosophie
654 793 694 826 et
725 790 940 826 dialectices
968 793 1008 826 et
1038 789 1184 836 singule
1208 789 1489 836 disput-‚aciones
1513 788 1651 824 durent
1675 787 1724 823 ad
1747 786 1843 823 duas

386 850 497 885 horas
521 849 761 896 presentibus
785 850 904 886 altero
928 852 1215 896 procuratorum
1239 852 1308 885 aut
1331 849 1414 884 eius
1438 848 1578 884 vicario
1602 850 1642 884 et
1666 846 1811 883 bedello

291 908 520 945 Conceditur
542 911 564 944 3
583 908 778 944 Februarii
802 912 844 944 vt
863 908 1146 955 disputaciones
1168 908 1424 955 philosophice
1444 907 1566 944 fiende
1585 906 1718 942 diebus
1735 906 1843 941 Lune

388 968 523 1003 Martis
547 971 587 1004 et
613 968 790 1003 Mercurii
815 968 855 1003 in
881 968 1051 1015 proxima
1083 968 1297 1015 septimana
1329 967 1567 1015 carnisprivii
1600 979 1668 1014 pro
1700 965 1843 1002 habitis

384 1031 612 1063 censeantur
635 1027 761 1074 quoad
786 1028 987 1074 magistros
1011 1028 1077 1074 qui
1102 1028 1343 1075 disputarent
1368 1032 1406 1064 et
1431 1027 1597 1064 bedellos

290 1085 519 1122 Conceditur
546 1088 588 1123 17
615 1085 809 1121 Februarii
836 1089 877 1121 vt
901 1086 1095 1133 responsio
1119 1086 1168 1122 ad
1193 1098 1308 1133 quam
1333 1089 1486 1122 tenetur
1516 1085 1698 1131 magister
1731 1083 1840 1120 Edm.

385 1145 583 1192 Chapman
612 1145 759 1181 ratione
786 1145 925 1191 gradus
953 1146 1014 1181 sui
1043 1146 1210 1194 suscepti
1237 1146 1357 1193 possit
1385 1145 1526 1181 differri
1558 1145 1598 1181 in
1630 1144 1842 1191 proximum

386 1205 589 1241 terminum

292 1264 520 1300 Conceditur
544 1267 589 1299 10
612 1263 754 1310 Aprilis
777 1263 957 1310 magistro
981 1265 1049 1301 Ed.
1074 1265 1240 1312 Buckley
1259 1267 1302 1300 vt
1326 1264 1503 1300 exercitia
1523 1263 1572 1300 ad
1593 1275 1668 1310 que
1693 1265 1845 1299 tenetur

386 1324 532 1360 ratione
548 1323 687 1371 gradus
704 1324 762 1373 sui
780 1325 946 1371 suscepti
963 1324 1111 1372 possint
1126 1324 1267 1360 differri
1290 1324 1329 1359 in
1351 1335 1496 1359 annum
1517 1323 1729 1369 proximum
1752 1334 1842 1368 quo-

386 1384 488 1419 niam
515 1384 678 1430 negociis
706 1396 729 1419 a
757 1383 906 1430 regines.
936 1384 1135 1419 maiestate
1159 1383 1340 1430 delegatis
1364 1383 1404 1418 in
1431 1382 1615 1418 Hibernia
1639 1386 1844 1429 occupatus

385 1446 474 1479 ante
491 1443 645 1479 comitia
661 1443 832 1489 proxima
848 1442 978 1478 adesse
996 1454 1070 1478 non
1086 1445 1213 1489 potest
1229 1443 1283 1478 sic
1300 1445 1342 1478 vt
1358 1441 1488 1478 eadem
1501 1441 1678 1478 exercitia
1691 1444 1844 1488 peragat

386 1503 475 1536 ante
492 1500 648 1536 comitia
663 1500 859 1546 sequentis
874 1499 965 1535 anni
983 1499 1055 1535 sub
1071 1511 1169 1547 pena
1184 1499 1320 1546 prioris
1337 1499 1525 1536 cautionis

294 1559 523 1595 Conceditur
541 1562 585 1595 10
603 1559 746 1605 Aprilis
764 1562 805 1594 vt
824 1558 1022 1605 Philippus
1044 1558 1188 1595 Scarlet
1210 1559 1261 1594 sit
1284 1571 1381 1595 vnus
1403 1571 1448 1595 cx
1470 1562 1523 1594 4⁰¹·
1545 1558 1623 1595 vini
1643 1557 1845 1600 venditori-

388 1617 459 1654 bus
485 1630 551 1665 per
576 1617 809 1654 academiam
833 1617 1072 1664 assignandis
1096 1618 1151 1653 sic
1177 1620 1219 1654 vt
1246 1617 1340 1654 illud
1367 1630 1506 1654 munus
1533 1618 1571 1653 in
1595 1629 1664 1653 sua
1686 1628 1845 1664 persona

385 1677 529 1723 absque
545 1677 649 1713 omni
665 1677 751 1713 dolo
768 1676 826 1713 vel
844 1676 1135 1713 dissimilacione
1152 1680 1321 1714 exerceat
1337 1681 1376 1714 et
1393 1690 1506 1725 super
1522 1677 1592 1713 hac
1608 1677 1846 1713 concessione
1901 1692 1906 1695 ·

388 1739 515 1772 vestra
531 1736 662 1772 literas
678 1736 818 1772 habeat
835 1736 958 1783 sigillo
976 1740 1101 1773 vestro
1118 1738 1309 1773 communi
1328 1737 1546 1785 obsignatas

292 1796 520 1833 Conceditur
537 1799 583 1831 24
601 1796 744 1843 Aprilis
762 1799 804 1832 vt
820 1796 1080 1843 opposiciones
1096 1797 1145 1833 ad
1161 1809 1257 1844 quas
1274 1800 1427 1834 tenetur
1443 1797 1623 1844 magister
1635 1796 1844 1844 Wyckham

388 1855 534 1891 ratione
565 1854 705 1902 gradus
738 1855 797 1891 sui
830 1855 997 1902 suscepti
1031 1855 1179 1902 possint
1211 1856 1380 1892 converti
1414 1856 1452 1891 iu
1485 1867 1550 1892 sex
1578 1867 1769 1891 sermones
1796 1854 1844 1891 ad

390 1914 572 1962 populum

293 1973 522 2010 Conceditur
548 1976 594 2009 24
620 1974 764 2020 Aprilis
790 1974 970 2021 magistro
997 1973 1187 2010 Willelmo
1216 1974 1423 2021 Howgrave
1449 1978 1491 2011 vt
1519 1974 1657 2011 habeat
1683 1974 1847 2011 officium

387 2032 590 2079 gagiatoris
612 2036 651 2068 et
673 2044 788 2079 super
814 2033 884 2068 hac
909 2035 1034 2069 vestra
1055 2033 1294 2069 concessione
1316 2033 1446 2070 literas
1469 2033 1606 2070 habeat
1629 2033 1846 2080 obsignatas

388 2091 510 2137 sigillo
529 2094 653 2127 vestro
670 2091 862 2127 communi

294 2149 523 2185 Conceditur
540 2153 561 2185 2
584 2149 606 2184 J
613 2149 690 2185 unii
713 2150 894 2196 magistro
918 2149 985 2186 Ed.
1013 2150 1182 2186 Hausbie
1206 2154 1249 2186 vt
1271 2150 1400 2186 concio
1423 2150 1470 2186 ad
1494 2150 1635 2187 clerum
1660 2150 1708 2187 ad
1731 2163 1844 2198 quam

390 2208 640 2256 peragendam
666 2212 818 2245 tenetur
841 2209 987 2245 ratione
1008 2208 1147 2255 gradus
1167 2210 1333 2256 suscepti
1358 2212 1559 2256 peragatur
1582 2212 1671 2246 anto
1693 2210 1848 2246 comitia

389 2268 558 2314 proxima
589 2268 768 2315 quoniam
802 2267 1033 2314 gravissimis
1066 2268 1228 2314 negociis
1260 2268 1466 2315 impeditus
1489 2271 1578 2305 ante
1603 2268 1673 2304 hoc
1698 2272 1849 2316 tempus

388 2326 516 2362 adesse
543 2339 617 2362 non
644 2327 769 2374 potuit

294 2385 523 2421 Conceditur
541 2389 582 2421 vt
599 2397 672 2421 vna
689 2385 879 2432 opposicio
896 2385 943 2421 ad
961 2397 1075 2432 qnam
1095 2389 1246 2421 tenetur
1268 2386 1447 2432 magister
1463 2386 1519 2422 W.
1540 2386 1680 2423 Gravet
1704 2387 1848 2424 ratione

389 2444 527 2491 gradus
543 2445 600 2480 sui
619 2445 783 2492 suscepti
803 2444 922 2491 possit
938 2444 1105 2480 converti
1126 2444 1164 2480 in
1183 2444 1252 2491 iij-³·
1269 2456 1459 2482 sermones
1475 2444 1523 2482 ad
1541 2445 1721 2493 populum

295 2503 525 2539 Conceditur
547 2507 588 2539 10
603 2503 709 2540 Jnnii
729 2504 908 2550 magistro
928 2503 1113 2540 Willclmo
1133 2504 1267 2552 Lewyn
1285 2505 1423 2541 oratori
1447 2504 1636 2541 academie
1653 2508 1696 2542 vt
1712 2505 1850 2543 habeat

390 2562 645 2599 oniolnnienta
661 2567 699 2598 ct
717 2562 911 2610 privilegia
928 2567 1007 2599 tam
1025 2562 1150 2610 amplo
1168 2562 1278 2599 modo
1294 2575 1409 2610 quam
1429 2563 1591 2601 habuere
1603 2567 1769 2602 oratores
1781 2565 1847 2612 qui

390 2627 479 2658 anto
496 2634 582 2658 cuin
601 2622 810 2658 extiterunt

116 2678 140 2717 f.
170 2679 279 2717 1031».
297 2680 524 2717 Conceditur
552 2684 593 2717 10
615 2680 636 2716 J
643 2681 721 2717 unii
747 2688 788 2717 vt
811 2681 1003 2728 responsio
1026 2683 1066 2717 et
1091 2681 1280 2729 opposicio
1304 2681 1351 2718 ad
1377 2694 1472 2729 quas
1498 2686 1648 2719 tenetur
1673 2684 1851 2731 magister

397 2738 575 2775 lim-rimu
611 2738 755 2774 rationo
787 2738 925 2786 gradus
954 2738 1012 2775 sui
1042 2738 1207 2786 suscepti
1238 2739 1384 2786 possint
1408 2739 1547 2776 differri
1574 2740 1613 2776 in
1638 2740 1850 2788 proximum

393 2798 597 2833 wruninnin
624 2798 802 2845 qnoniam
829 2797 899 2834 hoo
926 2798 1087 2835 termino
1112 2799 1192 2835 sine
1219 2810 1353 2846 magno
1378 2811 1447 2836 sno
1471 2799 1698 2839 detrimento
1719 2800 1850 2841 adesse

393 2868 465 2893 nou
494 2861 618 2903 [mtest
