2008 3216
351 155 435 199 176
936 168 1089 199 emon:
1118 168 1243 199 BOOK
1273 169 1304 199 Δ
1683 157 1905 214 [1563-64

799 424 1110 467 Bacchalaurei
1141 424 1188 466 in
1218 424 1314 467 iure
1345 424 1464 467 civili

349 549 576 585 Conceditur
589 551 631 584 ll
646 548 841 584 Februarii
859 549 952 584 Tho.
968 549 1156 596 Hopkyns
1168 552 1211 585 vt
1223 548 1394 585 studium
1407 550 1445 586 vi
1458 561 1643 586 annorum
1655 550 1695 586 in
1708 550 1788 586 iure
1801 551 1901 587 civili

443 619 530 643 cum
546 607 847 654 oppositionibus
863 607 1170 654 responsionibus
1186 611 1226 644 et
1242 608 1326 644 aliis
1342 609 1530 644 exercitiis
1547 621 1614 656 per
1625 611 1773 646 statuta
1786 610 1902 656 Regia

443 666 637 713 requisitis
653 666 890 713 perficiendis
906 669 995 702 ante
1012 666 1166 703 comitia
1181 667 1351 714 proxima
1370 667 1441 703 sub
1463 679 1561 715 pena
1582 668 1648 705 xls
1671 669 1844 716 ponenda
1862 670 1902 705 in

443 725 618 761 manibus
634 728 918 772 procuratorum
941 729 1031 761 ante
1053 725 1134 761 eius
1156 725 1425 762 admissionem
1447 726 1611 763 sufficiat
1632 727 1666 763 ei
1688 727 1736 763 ad
1759 727 1901 764 intran-

442 783 534 820 dum
550 784 591 820 in
607 784 738 820 eodem
758 785 839 820 iure
890 785 1135 821 Presentatus
1151 797 1218 832 per
1239 785 1432 821 doctorem
1451 785 1566 822 Ithell
1583 786 1651 832 xijo
1669 786 1761 822 Maii
1779 787 1900 832 (foris-

443 843 533 878 fecit
549 844 682 890 mary.)

188 900 215 939 f.
239 900 289 939 75
303 900 330 938 b
349 901 575 938 Conceditur
591 902 668 938 xix⁰
686 902 778 938 Maii
791 902 848 939 W.
865 903 1035 939 Marston
1052 906 1095 939 vt
1112 903 1282 939 studium
1301 916 1324 939 v
1340 915 1526 945 annorum
1542 904 1583 942 in
1599 904 1680 941 iure
1696 905 1797 941 civili
1814 917 1901 941 cum

442 961 743 1009 oppositionibus
771 963 1079 1010 responsionibus
1106 966 1146 999 et
1174 963 1259 999 aliis
1288 964 1475 1000 exercitiis
1508 975 1575 1011 per
1607 964 1722 1011 Regia
1754 966 1902 1001 statuta

442 1022 635 1069 requisitis
663 1022 826 1058 sufficiat
854 1023 889 1058 ei
917 1022 965 1058 ad
994 1022 1215 1059 intrandum
1248 1023 1287 1059 in
1320 1023 1451 1059 eodem
1480 1024 1560 1060 iure
1623 1024 1678 1060 sic
1706 1027 1749 1060 vt
1776 1027 1903 1061 vestra

442 1080 674 1116 authoritate
686 1080 910 1127 respondeat
920 1081 959 1117 in
966 1080 1101 1118 habitu
1115 1081 1349 1118 bachalaurei
1376 1082 1620 1119 Presentatus
1632 1094 1699 1129 per
1710 1082 1901 1119 doctorem

443 1139 558 1176 Ithell
575 1139 709 1175 vltimo
727 1139 820 1175 Maii

347 1198 575 1236 Conceditur
590 1197 723 1234 vltimo
741 1198 833 1234 Maii
850 1201 893 1234 vt
909 1198 1102 1245 responsio
1119 1198 1167 1234 ad
1183 1210 1300 1246 quam
1316 1202 1468 1235 tenetur
1488 1198 1542 1235 W.
1562 1199 1733 1236 Marston
1756 1200 1901 1237 ratione

441 1257 579 1305 gradus
595 1257 654 1293 sui
670 1257 836 1304 suscepti
852 1258 973 1304 possit
991 1261 1117 1294 vestra
1132 1259 1366 1295 authoritate
1383 1259 1510 1306 peragi
1529 1259 1568 1295 in
1585 1259 1646 1296 die
1662 1260 1902 1297 comitiorum

442 1322 482 1354 et
497 1320 575 1354 stet
590 1329 658 1364 pro
674 1317 795 1353 forma
811 1328 881 1353 sua

857 1553 1067 1597 Doctores
1097 1554 1141 1596 in
1176 1554 1393 1598 medicina

346 1680 574 1717 Conceditur
590 1683 636 1716 24
654 1679 783 1716 Martii
801 1680 982 1727 magistro
1001 1679 1108 1717 Geor.
1127 1679 1281 1716 Walker
1296 1683 1339 1716 vt
1355 1680 1526 1717 studium
1549 1684 1694 1728 septem
1716 1693 1901 1719 annorum

442 1739 482 1776 in
499 1739 685 1775 medicina
701 1741 904 1786 postquam
928 1738 1063 1774 rexerit
1085 1739 1125 1774 in
1148 1738 1295 1775 artibus
1319 1751 1406 1775 cum
1429 1739 1729 1787 oppositionibus
1750 1752 1901 1791 respon·

441 1798 611 1835 sionibus
627 1801 667 1835 et
682 1798 768 1834 aliis
790 1798 978 1835 exercitiis
1000 1810 1067 1846 per
1084 1798 1199 1846 Regia
1221 1801 1369 1835 statuta
1393 1799 1586 1846 requisitis
1610 1799 1772 1836 sufficiat
1793 1799 1828 1836 ei
1852 1800 1901 1837 ad

441 1856 696 1905 incipiendum
714 1857 753 1893 in
771 1856 957 1893 medicina
1007 1858 1251 1893 Presentatus
1268 1869 1335 1904 per
1346 1857 1535 1905 juniorem
1552 1862 1831 1905 procuratorem

347 1916 575 1954 Conceditur
592 1917 654 1952 xix
672 1916 763 1952 Maii
783 1916 963 1963 magistro
980 1916 1003 1952 J
1006 1928 1037 1952 0.
1058 1916 1235 1953 Coldwell
1252 1916 1383 1952 eadem
1400 1916 1521 1963 gratia

348 1976 447 2013 Item
464 1975 682 2012 conceditur
698 1978 740 2011 21
760 1975 783 2011 J
788 1975 867 2011 unii
887 1979 928 2012 vt
945 1975 1132 2023 oppositio
1148 1975 1196 2012 ad
1213 1987 1328 2022 quam
1351 1979 1502 2012 tenetur
1524 1976 1703 2023 magister
1725 1977 1901 2014 Coldwell

442 2035 586 2072 ratione
602 2034 740 2082 gradus
756 2034 814 2071 sui
831 2034 1060 2083 suscipiendi
1077 2035 1197 2082 possit
1213 2034 1353 2072 differri
1372 2035 1411 2071 in
1428 2036 1641 2083 proximum
1668 2048 1811 2073 annum
1832 2041 1900 2074 aut

442 2094 564 2131 solvat
581 2094 819 2131 vniuersitati
837 2100 875 2131 v·

763 2347 925 2402 (Order
955 2348 1197 2393 Senioritas
1226 2349 1275 2393 in
1305 2350 1477 2407 maryin

1011 2458 1165 2496 Walker

1013 2518 1206 2566 Coldwell)

351 2629 449 2666 Item
466 2628 595 2666 eodem
612 2628 854 2677 dispensatur
869 2641 956 2667 oum
973 2629 1153 2677 magistro
1178 2630 1249 2667 Lee
1272 2642 1340 2679 pro
1362 2630 1601 2679 responsione
1623 2643 1692 2669 sua
1714 2631 1760 2669 ad
1783 2643 1898 2680 quam

445 2691 596 2724 tenetur
634 2687 672 2724 in
710 2687 888 2736 vcslmriis
924 2689 1164 2726 comitiorum
1200 2690 1454 2737 proximorum
1492 2690 1637 2727 ratione
1668 2690 1806 2738 gradus
1839 2692 1898 2729 sui

443 2746 606 2794 utmcepti
632 2746 811 2793 quoniam
836 2746 899 2783 alii
928 2747 1138 2794 inceptores
1163 2748 1201 2784 in
1226 2747 1357 2785 eadem
1384 2748 1564 2785 facultate
1589 2748 1636 2786 ad
1663 2748 1701 2786 id
1731 2751 1898 2787 muneris

445 2804 709 2853 perficiendum
730 2807 927 2842 arctantur
948 2808 987 2842 ct
1012 2806 1131 2853 parati
1155 2809 1246 2843 sunt
1295 2806 1348 2843 sic
1372 2810 1413 2843 vt
1435 2806 1556 2843 solvat
1580 2807 1817 2845 vniuersitati
1843 2820 1898 2846 vs

443 2870 511 2901 aut
527 2863 697 2912 disputet
714 2864 751 2901 in
771 2865 939 2912 proximo
955 2876 1054 2901 anno
