1976 3276
141 152 360 208 1569-70]
721 163 874 194 GRACE
909 162 1027 192 BOOK
1059 162 1089 191 Δ
1604 145 1686 188 237

140 266 367 303 Conceditur
385 270 430 304 10
447 268 575 303 Martii
600 267 779 314 magistro
796 266 985 302 willelmo
1002 265 1137 301 Clarke
1153 267 1195 300 vt
1212 263 1383 300 studium
1402 266 1423 298 5
1441 274 1626 298 annorum
1649 262 1688 297 in

233 325 419 372 theologia
447 329 649 373 postquam
678 325 816 361 rexerit
842 325 883 360 in
908 323 1056 360 artibus
1084 335 1171 359 cum
1205 321 1510 369 opposicionibus
1537 333 1688 367 respon-

235 384 405 420 sionibus
421 384 658 420 sermonibus
676 387 714 420 et
731 384 817 420 aliis
833 383 1022 420 exercitiis
1038 395 1104 430 per
1121 385 1269 418 statuta
1285 381 1479 427 requisitis
1497 380 1689 427 perficien-

234 442 294 478 dis
311 443 411 479 infra.
426 455 570 479 annum
591 455 658 479 sue
679 442 922 479 admissionis
944 442 1016 478 sub
1038 453 1137 488 pena
1160 441 1194 488 vj
1210 441 1236 477 li
1260 439 1432 488 ponenda
1452 440 1492 475 in
1514 439 1690 475 manibus

236 506 521 548 procuratorum
538 506 627 538 ante
644 501 726 537 eius
742 501 1012 537 admissionem
1029 500 1192 535 sufficiat
1209 499 1243 535 ei
1260 502 1341 535 tam
1359 498 1406 534 ad
1424 498 1687 546 opponendum

234 573 349 607 quam
374 561 422 598 ad
445 561 664 597 intrandum
692 561 732 597 in
759 572 866 596 sacra
888 560 1075 606 theologia
1125 559 1368 597 Presentatus
1397 561 1442 594 10
1469 558 1598 594 Martii
1623 570 1691 605 per

233 621 425 657 doctorem
445 621 625 657 Hawford
675 622 865 667 (mortuus
882 620 1015 667 ’παν-9.)

141 679 282 716 Eadem
304 681 425 727 gratia
448 680 665 716 conceditur
693 683 733 716 11
765 680 894 716 Martii
921 679 1102 726 magistro
1126 678 1291 714 Roberto
1312 678 1484 714 Johnson
1507 690 1593 714 cum
1619 677 1690 713 hac

234 739 400 776 clausula
417 740 471 776 sic
485 742 526 775 vt
543 740 624 775 cius
640 739 819 775 admissio
836 742 914 774 stet
930 750 997 786 pro
1014 737 1212 785 completis
1228 737 1346 784 gradu
1362 740 1401 774 et
1418 737 1538 776 forma
1554 736 1688 772 bacha-

235 798 427 834 laureatus
457 799 495 834 in
529 798 659 834 eadem
689 800 728 833 et
756 797 976 833 convivetur
1006 797 1045 832 in
1073 796 1254 844 proximis
1281 796 1445 832 comitiis
1494 796 1690 842 (forisfecit

235 858 367 905 mary.)
420 858 663 893 Presentatus
689 856 817 892 eodem
844 868 911 903 per
934 856 1126 891 doctorem
1152 855 1330 891 Hawford

141 915 283 951 Eadem
308 916 429 962 gratia
456 917 499 952 17
526 915 656 951 Martii
683 915 863 961 magistro
888 914 1076 950 Willelmo
1103 914 1238 961 Kynge
1266 925 1352 949 cum
1378 913 1504 949 studio
1530 916 1552 948 8
1576 925 1690 949 anno-

233 986 317 1010 rum
343 974 414 1010 sub
437 986 533 1021 pena
556 973 620 1020 viij
633 974 659 1009 li
711 974 955 1009 Presentatus
978 975 1016 1008 2ο
1038 972 1061 1008 J
1065 972 1144 1008 unii
1168 984 1234 1019 per
1257 971 1449 1008 doctorem
1476 971 1691 1008 Chaderton

235 1033 431 1079 (forisfecit
447 1033 579 1080 mary.)

142 1092 370 1128 Conceditur
389 1095 431 1130 17
452 1092 581 1128 Martii
600 1091 780 1138 magistro
797 1090 906 1126 Edm.
926 1090 1097 1137 Rokerey
1116 1093 1158 1126 vt
1175 1089 1346 1126 studium
1364 1101 1427 1125 sex
1444 1101 1630 1126 annorum
1651 1090 1690 1126 in
1708 1085 1731 1124 f.
1760 1085 1830 1123 lOl
1849 1085 1876 1122 b

234 1150 422 1198 theologia
445 1154 645 1197 postquam
671 1150 808 1185 rexerit
826 1149 864 1185 in
882 1148 1030 1185 artibus
1048 1161 1135 1184 cum
1155 1148 1456 1196 oppositionibus
1472 1152 1532 1184 etc
1549 1149 1692 1196 perfici-

235 1269 269 1304 ei
286 1271 366 1304 tam
384 1267 431 1304 ad
449 1268 713 1315 opponendum
731 1279 847 1314 quam
864 1267 912 1303 ad
930 1266 1152 1304 intrandum
1177 1267 1216 1302 in
1240 1278 1346 1302 sacra
1370 1266 1556 1313 theologia
1607 1267 1691 1302 Pre-

234 1329 408 1363 sentatus
429 1330 471 1362 12
489 1327 511 1362 J
517 1327 594 1362 unii
613 1338 680 1373 per
695 1325 887 1362 doctorem
905 1325 1122 1361 Chaderton

142 1386 284 1422 Eadem
301 1386 423 1432 gratia
439 1385 658 1422 conceditur
680 1389 724 1421 10
745 1386 889 1432 Aprilis
911 1397 998 1421 cnm
1021 1385 1149 1421 studio
1173 1389 1195 1420 5
1216 1397 1400 1421 annorum
1424 1385 1496 1421 sub
1518 1386 1691 1422 cautione

235 1445 270 1492 vj
283 1445 309 1481 li
333 1445 514 1492 magistro
536 1444 594 1480 Jo.
617 1444 715 1492 Styll
767 1444 1011 1480 presentatus
1039 1445 1170 1480 eodem
1198 1457 1265 1491 per
1291 1445 1483 1480 doctorem
1515 1444 1692 1480 Hawford

236 1505 393 1551 (peregit
410 1504 537 1539 omnia
555 1504 690 1551 mary.)

142 1562 283 1598 Eadem
301 1563 423 1609 gratia
439 1562 657 1598 conceditur
673 1561 802 1597 eodem
821 1573 907 1597 cum
930 1561 1058 1597 studio
1083 1565 1228 1608 septem
1248 1574 1434 1598 annorum
1457 1566 1496 1598 et
1519 1563 1692 1599 cautione

234 1621 294 1658 xli
312 1623 492 1668 magistro
509 1622 531 1657 J
535 1634 567 1656 o.
587 1621 710 1657 Cooke
762 1621 1005 1656 Presentatus
1027 1620 1158 1657 eodem
1181 1634 1249 1668 per
1270 1622 1463 1658 doctorem
1482 1622 1692 1669 Whitgyfte

237 1681 335 1716 Item
352 1680 481 1716 eadem
499 1680 621 1726 gratia
637 1691 724 1715 cum
741 1679 869 1715 studio
891 1680 911 1716 7
930 1691 1115 1715 annorum
1136 1683 1174 1714 et
1196 1680 1371 1716 cautione
1391 1681 1451 1717 xli
1474 1681 1693 1717 conceditur

235 1739 365 1776 eodem
390 1740 572 1785 magistro
597 1739 687 1775 Tho.
716 1739 826 1775 Noke
850 1751 972 1786 nuper
995 1740 1095 1775 socio
1120 1740 1264 1786 collegii
1292 1741 1397 1787 Regii
1449 1741 1692 1778 Presentatus

238 1802 281 1835 12
298 1799 320 1834 J
325 1799 404 1834 unii
422 1811 488 1846 per
504 1798 695 1834 doctorem
713 1797 927 1834 Ohaderton
970 1798 1168 1844 (forisfecit
1187 1800 1320 1846 mary.)

149 1858 247 1893 Item
273 1857 402 1893 eadem
427 1858 549 1903 gratia
576 1868 663 1892 cum
692 1856 819 1892 studio
849 1860 871 1892 6
900 1868 1085 1892 annorum
1114 1860 1153 1892 et
1182 1858 1356 1893 cautione
1386 1858 1444 1894 xli
1474 1859 1694 1895 conceditur

239 1920 284 1953 28
302 1916 445 1963 Aprilis
463 1916 643 1962 magistro
660 1915 682 1950 J
687 1928 718 1951 ο.
739 1914 907 1950 Grundie
958 1915 1204 1951 Presentatus
1227 1928 1294 1962 per
1315 1916 1506 1953 doctorem
1530 1917 1694 1954 cheder-

237 1980 304 2013 ton
325 1980 367 2012 12
392 1977 413 2011 J
419 1977 498 2012 unii
548 1976 707 2022 (peregit
729 1975 855 2011 omnia
875 1976 1008 2022 nzary.)
1056 1978 1096 2011 et
1118 1976 1297 2022 magistro
1319 1977 1484 2012 Lndvico
1509 1977 1694 2013 Williams

237 2050 323 2074 cum
347 2037 474 2072 studio
498 2040 519 2071 5
542 2049 727 2072 annorum
751 2040 789 2072 et
813 2036 986 2072 cautione
1010 2036 1069 2071 xli
1122 2037 1365 2072 Prcsentatus
1390 2040 1435 2072 28
1459 2037 1603 2084 Aprilis
1628 2050 1694 2085 per

238 2096 430 2132 doctorem
459 2095 578 2131 Kelke

143 2155 370 2193 Conceditur
389 2159 433 2191 10
449 2155 472 2190 J
476 2156 554 2191 unii
573 2155 752 2201 magistro
772 2155 932 2190 Ricardo
951 2155 1135 2191 Howlaud
1155 2160 1196 2190 vt
1212 2154 1382 2190 studium
1406 2158 1427 2190 5
1444 2167 1628 2193 annorum
1652 2157 1690 2192 in

237 2215 423 2261 theologia
440 2218 639 2262 postquam
658 2215 796 2250 rexerit
814 2215 851 2250 in
869 2214 1018 2251 artibus
1035 2227 1120 2251 cum
1139 2215 1442 2262 oppositionibus
1464 2220 1524 2251 etc
1547 2218 1692 2263 perfici-

237 2275 343 2311 endis
360 2275 457 2310 infra
473 2287 615 2311 annum
634 2287 700 2310 sue
717 2274 957 2310 admissionis
974 2274 1046 2310 sub
1063 2286 1160 2321 pena
1177 2287 1199 2310 x
1211 2274 1236 2310 li
1256 2274 1427 2321 ponenda
1443 2278 1504 2310 etc
1529 2276 1692 2311 sufficiat

236 2335 269 2370 ei
287 2340 366 2370 tam
383 2334 430 2369 ad
448 2334 713 2381 opponendum
731 2346 846 2380 quam
864 2333 912 2369 ad
931 2334 1151 2369 intrandum
1176 2334 1215 2369 in
1239 2346 1345 2369 sacra
1368 2334 1556 2381 theologia
1606 2336 1691 2371 Pre-

236 2397 409 2429 sentatus
425 2393 555 2429 eodem
574 2405 639 2439 per
654 2393 847 2428 doctorem
867 2392 1058 2440 Whitgyft
1108 2394 1268 2440 (peregit
1284 2394 1412 2429 omnia
1430 2396 1564 2442 mary.)

144 2451 285 2488 Eadem
313 2452 435 2498 gratia
461 2451 678 2487 conceditur
711 2451 840 2486 eodem
875 2452 1055 2497 magistro
1089 2451 1258 2487 Antonio
1292 2452 1414 2488 Furde
1446 2465 1532 2489 cum
1566 2454 1693 2490 studio

239 2513 258 2548 7
288 2523 473 2546 annorum
504 2514 542 2546 et
571 2511 746 2546 cautione
779 2511 838 2545 xli
904 2511 1148 2547 Presentatus
1181 2523 1247 2558 per
1278 2511 1470 2548 doctorem
1505 2513 1694 2561 Whitgyrt

239 2572 398 2618 (peregit
423 2572 549 2606 omnia
568 2571 699 2618 mar-9.)

145 2629 372 2666 Conceditur
397 2633 444 2666 30
467 2631 574 2666 Junii
600 2631 779 2676 magistro
804 2631 948 2666 Simoni
975 2631 1101 2667 Bucke
1125 2634 1168 2667 vt
1194 2631 1364 2667 studium
1392 2635 1414 2666 5
1442 2643 1627 2668 annorum
1654 2634 1692 2669 in

237 2689 423 2736 theologia
440 2693 640 2736 postquam
659 2690 797 2725 rexerit
814 2690 852 2725 in
870 2689 1016 2725 artibus
1040 2702 1127 2726 cnm
1148 2689 1450 2737 oppositionibus
1469 2693 1529 2726 etc
1554 2692 1694 2737 perfici-

239 2747 345 2783 endis
361 2754 421 2783 etc
438 2748 510 2784 sub
532 2759 630 2795 pena
651 2761 672 2783 x
687 2748 712 2783 li
737 2748 909 2794 ponenda
931 2751 991 2783 etc
1013 2749 1176 2784 sufficiat
1198 2749 1231 2784 ei
1255 2752 1334 2784 tam
1358 2748 1406 2784 ad
1429 2750 1694 2796 opponendum

241 2819 354 2854 quam
384 2807 432 2843 ad
461 2808 682 2843 intrandum
714 2808 752 2843 in
782 2819 887 2843 sacra
917 2808 1104 2854 theologia
1165 2808 1410 2844 Presentatus
1442 2811 1477 2843 1⁰
1505 2808 1599 2844 Julii
1630 2821 1696 2856 per

243 2866 431 2904 doctorem
460 2868 577 2903 Perue
626 2868 784 2914 (peregit
808 2868 935 2903 omnia
952 2869 1085 2915 mar-9.)
