2008 3294
137 192 357 250 1587-88]
725 203 876 237 amca
907 203 1032 236 BOOK
1061 204 1091 236 Δ
1598 194 1682 234 425

135 308 247 344 Mem.
280 308 380 356 quod
414 308 602 356 Josephus
638 308 804 356 Midgley
837 307 960 355 Magd.
994 307 1052 344 Jo.
1087 308 1275 344 Taverner
1306 307 1362 342 Je.
1398 310 1436 342 et
1469 305 1681 342 Willelmus

230 367 386 415 Dennys
411 367 553 404 Christi
578 367 783 404 abfuerunt
807 367 868 403 die
891 367 1131 403 comitiorum
1155 370 1194 402 et
1219 378 1294 402 non
1319 369 1411 402 sunt
1435 365 1649 412 inaugurati

135 425 364 463 Conceditur
385 430 407 462 5
430 427 454 464 J
457 427 524 464 ulii
547 427 571 464 J
574 427 712 475 osepho
738 426 924 474 Midgeley
941 430 983 463 vt
1007 438 1093 463 cum
1116 427 1198 462 sine
1222 437 1371 462 summo
1396 437 1464 461 suo
1490 425 1686 461 incomodo

228 485 372 522 vltimis
403 486 539 523 vestris
567 486 732 523 comitiis
765 498 839 522 non
872 486 1000 533 potuit
1032 486 1213 522 interesse
1244 488 1285 522 vt
1313 497 1358 521 ex
1388 484 1460 521 fide
1493 484 1568 520 iam
1597 484 1687 520 data

227 543 381 580 domino
405 544 696 591 procancellario
717 544 812 580 satis
834 546 984 581 constat
1006 543 1118 580 liceat
1140 544 1174 580 ei
1198 547 1324 579 vestra
1346 542 1445 579 bona
1467 555 1554 579 cum
1579 543 1688 579 venia

228 602 490 648 pretermissos
530 602 569 638 in
607 602 778 639 creandis
814 602 1007 648 magistris
1047 601 1145 637 ritus
1181 601 1389 638 ordinarios
1425 600 1495 636 hoc
1532 600 1572 636 in
1608 600 1688 635 loco

231 659 421 707 suscipere

134 716 363 754 Conceditur
395 721 417 754 9
451 718 645 755 Februarii
683 719 863 766 magistro
901 719 1065 755 Henrico
1103 719 1263 766 Scroope
1299 718 1582 754 honoratissimi
1618 718 1687 754 viri

228 776 373 813 domini
402 776 556 813 Henrici
583 777 744 825 Soroope
771 777 847 814 filio
873 782 914 814 vt
939 781 1136 826 cooptetur
1161 778 1199 813 in
1226 776 1395 813 ordinem
1422 778 1687 824 magistrorum

228 836 268 872 in
292 835 440 872 artibus
465 836 519 872 sic
544 840 586 873 vt
612 849 687 873 non
711 839 880 874 arctetur
903 837 951 874 ad
978 837 1144 884 aliquam
1173 836 1423 873 ceremoniam
1449 836 1601 873 solitam
1626 836 1689 872 ob-

229 896 367 931 servari
396 895 446 932 ab
470 896 740 944 incipientibus
766 896 804 932 in
830 896 962 933 eadem
987 897 1169 933 facultate
1194 895 1258 932 sed
1284 898 1437 932 tantum
1462 895 1690 932 admittatur

230 953 278 989 ad
303 953 486 1000 placitum
508 955 562 990 sic
586 958 627 990 vt
648 954 730 990 eius
751 954 932 991 admissio
957 958 1034 991 stet
1059 967 1126 1002 pro
1148 954 1345 1002 completis
1369 953 1486 1000 gradu
1509 957 1548 990 et
1570 954 1690 990 forma

228 1012 282 1048 ita
311 1014 437 1048 tamen
466 1016 509 1048 vt
537 1015 738 1060 postquam
769 1013 987 1050 solemniter
1019 1013 1226 1061 productus
1255 1013 1370 1049 fuerit
1403 1012 1515 1048 fidem
1544 1012 1691 1049 dederit

227 1071 416 1108 academie
438 1071 485 1108 de
508 1071 740 1109 observando
761 1076 910 1110 statuta
934 1074 1127 1121 privilegia
1147 1077 1186 1108 et
1209 1072 1500 1108 consuetudines
1522 1073 1689 1108 eiusdem

227 1130 454 1178 approbatas
495 1131 698 1178 promittat
733 1143 774 1168 se
809 1132 924 1168 semel
962 1132 1224 1180 oppositurum
1264 1131 1301 1167 in
1341 1132 1521 1178 proximis
1556 1134 1691 1168 vestris

225 1189 389 1225 comitiis
414 1189 626 1226 minoribus
652 1191 727 1227 iam
753 1191 986 1227 instantibus

694 1420 858 1464 Doctor
890 1421 934 1463 in
967 1421 1183 1464 medicina

137 1547 365 1584 Conceditur
385 1549 409 1585 9
431 1547 624 1584 Februarii
648 1547 827 1595 magistro
851 1549 958 1596 Bapt.
979 1548 1071 1585 Trot
1089 1554 1130 1584 vt
1150 1548 1321 1585 studium
1338 1552 1483 1596 septem
1500 1561 1685 1586 annorum

227 1607 267 1643 in
289 1606 476 1644 medicina
498 1611 700 1655 postquam
723 1608 862 1644 rexerit
885 1608 924 1644 in
946 1607 1095 1644 artibus
1111 1620 1198 1644 cum
1215 1609 1518 1656 opposicionibus
1535 1621 1684 1656 respon-

226 1667 396 1704 sionibus
419 1667 628 1714 ceterisque
651 1667 839 1704 exercitiis
863 1679 930 1715 per
954 1670 1101 1704 statuta
1126 1668 1227 1714 regia
1251 1669 1446 1715 requisitis
1467 1669 1629 1704 sufficiat
1651 1670 1684 1704 ei

226 1726 274 1763 ad
298 1726 554 1774 incipiendum
577 1727 616 1763 in
639 1727 769 1764 eadem
792 1726 979 1763 medicina
1037 1726 1262 1775 subscripsit
1285 1729 1464 1774 magister
1488 1728 1686 1775 Taylebois

227 1797 302 1821 non
319 1786 531 1833 acceptavit
548 1786 644 1823 hanc
660 1787 821 1834 gratiam
838 1790 878 1822 et
894 1786 1076 1823 forisfecit
1092 1799 1141 1823 xx
1151 1799 1170 1823 s

580 2012 891 2058 Bacchalaurei
923 2014 968 2057 in
992 2013 1094 2072 jure
1125 2014 1240 2058 civili

133 2134 360 2174 Conceditur
390 2140 433 2174 15
459 2138 566 2175 Junii
596 2138 771 2176 Michaeli
799 2139 945 2187 Brisley
970 2143 1013 2176 vt
1041 2140 1212 2177 studium
1238 2152 1302 2177 sex
1329 2152 1515 2177 annorum
1541 2141 1580 2177 in
1606 2140 1686 2178 iure

228 2196 328 2232 civili
361 2208 448 2234 cum
480 2198 784 2246 opposicionibus
818 2199 1125 2247 responsionibus
1160 2201 1368 2248 ceterisque
1403 2201 1589 2238 exercitiis
1621 2212 1688 2248 per

227 2258 374 2292 statuta
397 2257 498 2304 regia
522 2259 715 2305 requisitis
739 2259 902 2296 sufficiat
925 2260 960 2296 ei
985 2260 1034 2297 ad
1062 2260 1284 2297 intrandum
1309 2262 1348 2297 in
1372 2260 1502 2297 eodem
1527 2261 1607 2297 iure
1631 2261 1686 2296 ita

227 2317 270 2351 vt
309 2316 533 2364 respondeat
573 2318 613 2354 in
653 2318 788 2355 habitu
822 2318 1079 2356 bacchalaurei
1141 2319 1284 2356 Eadem
1316 2320 1438 2367 gratia
1470 2320 1687 2357 conceditur

227 2375 356 2412 eodem
381 2375 440 2415 Jo.
466 2377 713 2426 Whightman

655 2601 818 2646 Doctor
847 2601 892 2645 in
918 2602 1021 2659 jure
1051 2602 1170 2646 civili

135 2722 362 2760 Conceditur
391 2726 410 2760 1
435 2723 542 2760 Junii
570 2725 750 2772 magistro
773 2725 798 2762 J
800 2725 939 2762 ohanni
965 2726 1101 2763 Cowell
1125 2728 1166 2764 vt
1191 2727 1363 2764 studium
1390 2730 1411 2766 7
1435 2740 1621 2766 annorum
1645 2730 1685 2766 in

227 2782 308 2819 iure
331 2782 433 2819 civili
456 2787 659 2831 postquam
683 2784 822 2821 rexerit
845 2785 885 2820 in
914 2784 1061 2823 artibus
1089 2797 1176 2822 cum
1205 2787 1508 2834 opposicionibus
1535 2787 1686 2835 respon'-

227 2840 398 2878 sionibus
418 2842 626 2889 ceterisque
647 2843 835 2879 exercitiis
851 2846 911 2880 etc
927 2843 1089 2880 sufficiat
1106 2844 1140 2881 ei
1157 2844 1206 2881 ad
1225 2844 1481 2893 incipiendum
1499 2846 1538 2882 in
1556 2847 1686 2883 eodem

225 2910 310 2946 jure
