2008 3216
325 168 410 209 154
905 173 1056 206 GRAcE
1086 173 1211 205 BOOK
1242 173 1273 204 Δ
1653 158 1874 216 [1561-62

163 280 189 318 f.
213 279 265 318 63
278 279 305 317 b
324 281 552 319 Conceditur
589 284 634 317 12
667 280 886 317 Decembris
918 280 1136 316 Christiano
1169 278 1349 315 Macabeo
1381 278 1554 326 Alpinati
1588 277 1629 313 in
1663 275 1877 314 Haffniensi

417 341 608 377 academia
624 339 696 376 sub
712 343 856 376 rectore
868 339 1027 375 Alberto
1040 340 1244 386 Knoppero
1260 339 1384 385 legum
1401 338 1552 374 doctore
1569 337 1725 384 gradum
1741 335 1876 372 bacha-

417 401 610 436 laureatus
635 399 674 434 in
696 398 933 446 philosophia
956 397 1179 444 suscipienti
1202 399 1246 432 vt
1269 399 1346 433 stet
1371 396 1432 432 hic
1457 395 1558 443 apud
1581 407 1648 432 vos
1671 395 1711 431 in
1736 393 1877 430 eisdem

417 459 535 506 gradu
551 461 591 494 et
607 470 707 494 anno
723 457 863 504 quibus
880 457 954 493 fuit
970 457 1011 492 in
1027 456 1130 492 dicta
1146 455 1341 492 academia

324 520 436 555 Mem.
451 519 552 565 quod
570 517 803 554 Haffniensis
819 517 1010 553 academia
1026 519 1085 552 est
1102 516 1141 551 in
1160 515 1283 551 Dania
1299 518 1338 551 et
1351 514 1452 561 quod
1468 514 1661 562 predictus
1678 511 1880 549 Macabeus

418 576 579 623 Alpinas
611 576 757 612 dictum
790 574 948 621 gradum
978 573 1146 620 suscepit
1172 572 1244 608 sub
1270 572 1438 619 predicto
1467 573 1610 607 rectore
1636 575 1676 606 et
1701 569 1880 616 magistro

420 635 535 671 Paulo
573 633 739 669 Matthia
770 631 1007 679 philosophie
1038 631 1179 667 decano
1211 642 1311 666 anno
1343 630 1487 666 domini
1523 631 1615 665 1558
1648 629 1709 665 die
1743 627 1880 664 Martis

419 693 590 740 proximo
614 695 704 727 ante
728 691 869 727 festum
895 690 1036 726 Pasche

325 751 554 788 Conceditur
588 753 635 787 20
670 750 799 786 Martii
834 749 891 786 W.
931 749 1067 796 Lewyn
1102 752 1146 785 vt
1183 751 1228 784 10
1261 747 1414 784 termini
1452 747 1492 783 in
1527 746 1666 794 quibus
1702 745 1882 781 lectiones

421 811 629 847 ordinarias
653 809 803 846 audiuit
824 809 914 845 licet
937 821 1013 844 non
1038 809 1191 844 omnino
1216 807 1424 844 secundum
1447 807 1608 843 formam
1632 805 1771 842 statuti
1795 816 1882 840 cum

421 869 722 918 oppositionibus
754 867 1061 916 responsionibus
1093 871 1133 904 et
1165 867 1250 903 aliis
1282 866 1470 903 exercitiis
1502 877 1569 913 per
1596 865 1702 919 regia
1735 866 1883 900 statuta

420 931 614 977 requisitis
638 930 829 966 sufficiant
853 930 887 965 ei
913 940 981 976 pro
1005 928 1203 975 completis
1227 927 1346 974 gradu
1370 931 1410 963 et
1435 928 1555 962 forma
1579 924 1817 961 bachalaurei
1842 923 1882 959 in

421 989 568 1025 artibus
601 989 655 1025 sic
688 992 730 1024 vt
763 989 845 1024 eius
878 988 1040 1024 eruditio
1078 988 1184 1034 prius
1217 987 1454 1023 examinetur
1485 988 1525 1022 et
1556 983 1786 1032 approbetur
1817 994 1884 1030 per

422 1049 697 1084 examinatores
722 1048 835 1083 huius
859 1047 949 1083 anni
975 1050 1014 1082 et
1039 1050 1115 1082 stet
1138 1046 1178 1081 in
1201 1046 1372 1093 proxima
1394 1045 1682 1092 quadragesima
1703 1044 1883 1091 quoniam

423 1108 505 1143 sine
522 1119 658 1154 magno
674 1108 756 1143 eius
772 1106 1009 1143 incommodo
1025 1106 1171 1142 diutius
1187 1108 1383 1152 expectare
1399 1117 1473 1140 non
1490 1104 1611 1151 possit

329 1167 471 1204 Eodem
488 1167 618 1203 eadem
634 1167 756 1213 gratia
772 1166 990 1203 conceditur
1006 1166 1029 1202 J
1032 1178 1064 1202 0.
1084 1165 1205 1213 Stylle

872 1475 1071 1531 Magistri
1103 1474 1145 1515 in
1182 1474 1350 1516 artibus

334 1605 561 1643 Conceditur
584 1606 738 1642 domiuo
765 1605 892 1641 Lawse
919 1607 963 1640 12
990 1604 1207 1640 Decembris
1229 1607 1272 1641 vt
1297 1606 1319 1641 9
1343 1603 1497 1640 termini
1522 1606 1609 1651 post
1633 1603 1783 1639 finalem
1807 1603 1888 1639 eius

427 1665 781 1702 determinationem
815 1664 854 1700 in
884 1663 1024 1711 quibus
1057 1664 1236 1700 lectiones
1269 1663 1478 1700 ordinarias
1510 1662 1659 1699 audiuit
1692 1662 1780 1698 licet
1812 1674 1888 1698 non

428 1724 582 1759 omnino
603 1722 811 1759 secundum
834 1722 994 1758 formam
1017 1722 1155 1758 statuti
1179 1733 1265 1757 cum
1287 1721 1410 1757 tribus
1430 1720 1735 1768 responsionibus
1751 1723 1790 1756 et
1806 1720 1891 1757 aliis

427 1783 616 1819 exercitiis
639 1794 705 1829 per
727 1785 875 1818 statuta
895 1781 1084 1817 academie
1103 1781 1297 1827 requisitis
1313 1781 1502 1817 sufficiant
1518 1780 1552 1816 ei
1569 1780 1617 1816 ad
1634 1779 1890 1827 incipiendum

429 1842 468 1877 in
485 1841 633 1877 artibus
722 1840 790 1887 vjw
807 1839 1001 1876 Februarii
1020 1839 1239 1876 conceditur
1255 1839 1385 1876 eadem
1402 1839 1524 1886 gratia
1541 1839 1576 1876 d.
1596 1839 1727 1875 Butler
1744 1839 1890 1886 Layton

430 1899 498 1946 vjw
516 1898 647 1935 Martii
664 1897 698 1934 d.
718 1897 857 1934 Welles
875 1897 1015 1934 Oxford
1034 1897 1216 1934 Bradford
1234 1897 1350 1934 Ward
1368 1897 1534 1933 Burman
1552 1896 1726 1933 Wethers
1743 1896 1893 1932 Harnes

430 1957 553 2004 primo
583 1956 674 1993 Maii
703 1956 739 1994 d.
767 1956 964 2003 Chapman
994 1956 1156 2003 Symson
1187 1956 1342 1992 Browne
1371 1959 1409 1992 et
1441 1955 1659 2003 Parkynson
1726 1966 1774 1991 xv
1799 1954 1891 1990 Maii

430 2013 465 2050 d.
486 2013 671 2061 Beryman
690 2017 730 2049 et
747 2025 794 2049 xx
810 2012 834 2048 J
838 2013 918 2048 unii
935 2012 970 2049 d.
991 2012 1082 2048 Hall

336 2072 563 2109 Conceditur
579 2074 602 2109 6
620 2071 813 2108 Februarii
831 2071 1027 2108 Anthonio
1041 2071 1303 2119 Goldyngham
1320 2070 1527 2119 presbitero
1543 2075 1584 2106 vt
1601 2069 1770 2106 studium
1787 2081 1811 2105 x
1826 2081 1892 2106 an-

432 2143 566 2168 norum
593 2131 631 2167 in
658 2131 944 2168 humanioribus
968 2134 1007 2167 et
1031 2132 1148 2168 sacris
1175 2131 1296 2167 literis
1322 2130 1461 2178 partim
1488 2130 1526 2166 in
1553 2129 1623 2166 hac
1647 2128 1894 2165 vniuersitate

433 2190 571 2238 partim
598 2190 636 2226 in
663 2190 929 2226 transmarinis
952 2189 1126 2237 partibus
1150 2201 1236 2226 cum
1262 2187 1564 2237 oppositionibus
1589 2187 1894 2235 responsionibus

433 2252 471 2285 et
497 2248 582 2284 aliis
608 2249 796 2285 exercitiis
823 2260 889 2296 per
916 2248 1018 2295 regia
1044 2251 1192 2285 statuta
1221 2248 1413 2295 requisitis
1439 2247 1603 2283 sufficiat
1628 2246 1662 2283 ei
1689 2246 1737 2282 ad
1764 2246 1894 2294 incipi-

432 2306 572 2343 endum
591 2307 630 2343 in
647 2307 795 2343 artibus
814 2308 868 2343 ita
880 2310 1008 2343 tamen
1023 2310 1065 2343 vt
1079 2310 1204 2343 vestra
1215 2306 1448 2343 authoritate
1465 2305 1688 2353 respondeat
1705 2305 1743 2342 in
1761 2305 1895 2342 habitu

434 2366 671 2403 bachalaurei
690 2367 728 2403 in
746 2366 893 2403 artibus
910 2371 950 2403 et
966 2366 1089 2403 solvat
1106 2366 1346 2403 vniuersitati
1364 2377 1411 2401 xx
1422 2378 1441 2401 s

339 2426 568 2463 Conceditur
591 2438 636 2462 xx
654 2426 676 2462 J
683 2426 761 2462 unii
788 2426 985 2462 Francisco
1003 2427 1147 2473 Cooper
1163 2428 1206 2462 vt
1223 2425 1393 2462 studium
1412 2437 1435 2461 x
1452 2435 1637 2460 annorum
1661 2424 1700 2460 in
1724 2424 1895 2461 humani·

434 2483 563 2520 oribus
581 2483 700 2520 literis
717 2495 803 2520 cum
821 2483 1122 2531 oppositionibus
1138 2488 1208 2521 etc.
1228 2486 1269 2519 vt
1286 2495 1400 2531 supra
1417 2494 1503 2519 cum
1520 2482 1688 2519 clausula
1700 2485 1742 2519 vt
1759 2482 1897 2519 audeat

437 2543 474 2579 in
494 2542 627 2579 habitu
643 2548 682 2579 et
698 2542 821 2579 solvat
838 2555 884 2579 xx
898 2555 917 2579 s

185 2601 210 2638 f.
236 2601 285 2638 64
299 2613 323 2638 a
344 2603 428 2639 Vna
443 2614 528 2639 cum
548 2603 607 2639 his
625 2603 845 2650 inceperunt
861 2602 907 2639 (le
924 2602 1077 2650 collegio
1098 2602 1210 2650 Regio
1225 2601 1364 2649 quibus
1382 2601 1486 2638 nulla
1501 2601 1623 2648 gratia
1640 2601 1761 2649 petita
1776 2613 1898 2648 neque

436 2661 667 2709 ‹linlmnsatio
684 2673 858 2697 coiicossa
874 2661 908 2699 d.
928 2661 1063 2698 clai-ke
1079 2666 1118 2698 et
1135 2661 1169 2698 d.
1189 2661 1348 2709 Smythe
