<?xml version="1.0" encoding="UTF-8"?>
<!DOCTYPE html PUBLIC "-//W3C//DTD XHTML 1.0 Transitional//EN"
    "http://www.w3.org/TR/xhtml1/DTD/xhtml1-transitional.dtd">
<html xmlns="http://www.w3.org/1999/xhtml" xml:lang="en" lang="en">
 <head>
  <title>
</title>
<meta http-equiv="Content-Type" content="text/html;charset=utf-8" />
  <meta name='ocr-system' content='tesseract 3.04.00' />
  <meta name='ocr-capabilities' content='ocr_page ocr_carea ocr_par ocr_line ocrx_word'/>
</head>
<body>
  <div class='ocr_page' id='page_1' title='image "./gracebookdeltaco00univuoft_0134.png"; bbox 0 0 2008 3216; ppageno 0'>
   <div class='ocr_carea' id='block_1_1' title="bbox 322 187 1872 243">
    <p class='ocr_par' dir='ltr' id='par_1_1' title="bbox 322 187 1872 243">
     <span class='ocr_line' id='line_1_1' title="bbox 322 187 1872 243; baseline 0.001 -14"><span class='ocrx_word' id='word_1_1' title='bbox 322 188 407 230; x_wconf 91' lang='grc'><strong>100</strong></span> <span class='ocrx_word' id='word_1_2' title='bbox 902 197 1054 229; x_wconf 72' lang='lat' dir='ltr'><strong>caAcn</strong></span> <span class='ocrx_word' id='word_1_3' title='bbox 1085 197 1208 229; x_wconf 66' lang='lat' dir='ltr'><strong>Boon</strong></span> <span class='ocrx_word' id='word_1_4' title='bbox 1239 197 1270 229; x_wconf 84' lang='grc' dir='ltr'><strong>Δ</strong></span> <span class='ocrx_word' id='word_1_5' title='bbox 1648 187 1872 243; x_wconf 82' lang='grc'>[1553-54</span> 
     </span>
    </p>
   </div>
   <div class='ocr_carea' id='block_1_2' title="bbox 321 301 1875 2065">
    <p class='ocr_par' dir='ltr' id='par_1_2' title="bbox 322 301 1874 585">
     <span class='ocr_line' id='line_1_2' title="bbox 322 301 1874 350; baseline 0 -12"><span class='ocrx_word' id='word_1_6' title='bbox 322 303 422 339; x_wconf 89' lang='lat' dir='ltr'><strong>Item</strong></span> <span class='ocrx_word' id='word_1_7' title='bbox 438 302 657 339; x_wconf 71' lang='lat' dir='ltr'><strong>conceditur</strong></span> <span class='ocrx_word' id='word_1_8' title='bbox 670 305 712 338; x_wconf 83' lang='lat' dir='ltr'><strong>vt</strong></span> <span class='ocrx_word' id='word_1_9' title='bbox 723 301 901 338; x_wconf 89' lang='lat' dir='ltr'><strong>dominus</strong></span> <span class='ocrx_word' id='word_1_10' title='bbox 914 302 1226 350; x_wconf 89' lang='lat' dir='ltr'><strong>procancellarius</strong></span> <span class='ocrx_word' id='word_1_11' title='bbox 1242 302 1415 339; x_wconf 84' lang='lat' dir='ltr'><strong>doctores</strong></span> <span class='ocrx_word' id='word_1_12' title='bbox 1432 303 1532 350; x_wconf 87' lang='lat' dir='ltr'><strong>Glyn</strong></span> <span class='ocrx_word' id='word_1_13' title='bbox 1546 303 1749 350; x_wconf 87' lang='lat' dir='ltr'><strong>Atkynson</strong></span> <span class='ocrx_word' id='word_1_14' title='bbox 1766 302 1874 338; x_wconf 89' lang='lat' dir='ltr'><strong>Scott</strong></span> 
     </span>
     <span class='ocr_line' id='line_1_3' title="bbox 415 361 1874 409; baseline 0 -12"><span class='ocrx_word' id='word_1_15' title='bbox 415 362 574 398; x_wconf 86' lang='lat' dir='ltr'><strong>Watson</strong></span> <span class='ocrx_word' id='word_1_16' title='bbox 590 365 630 398; x_wconf 90' lang='lat' dir='ltr'><strong>et</strong></span> <span class='ocrx_word' id='word_1_17' title='bbox 647 362 827 408; x_wconf 85' lang='lat' dir='ltr'><strong>magister</strong></span> <span class='ocrx_word' id='word_1_18' title='bbox 844 361 1065 409; x_wconf 87' lang='lat' dir='ltr'><strong>Segiswicke</strong></span> <span class='ocrx_word' id='word_1_19' title='bbox 1081 365 1206 398; x_wconf 87' lang='lat' dir='ltr'><strong>vestro</strong></span> <span class='ocrx_word' id='word_1_20' title='bbox 1224 362 1375 398; x_wconf 90' lang='lat' dir='ltr'><strong>nomine</strong></span> <span class='ocrx_word' id='word_1_21' title='bbox 1389 362 1573 398; x_wconf 86' lang='lat' dir='ltr'><strong>Oxoniam</strong></span> <span class='ocrx_word' id='word_1_22' title='bbox 1590 361 1874 409; x_wconf 86' lang='lat' dir='ltr'><strong>proficiscantur</strong></span> 
     </span>
     <span class='ocr_line' id='line_1_4' title="bbox 415 420 1873 468; baseline -0.001 -11"><span class='ocrx_word' id='word_1_23' title='bbox 415 421 464 457; x_wconf 87' lang='lat' dir='ltr'><strong>ad</strong></span> <span class='ocrx_word' id='word_1_24' title='bbox 480 420 790 468; x_wconf 79' lang='lat' dir='ltr'><strong>propugnandam</strong></span> <span class='ocrx_word' id='word_1_25' title='bbox 803 432 927 457; x_wconf 85' lang='lat' dir='ltr'><strong>veram</strong></span> <span class='ocrx_word' id='word_1_26' title='bbox 947 424 986 457; x_wconf 89' lang='lat' dir='ltr'><strong>et</strong></span> <span class='ocrx_word' id='word_1_27' title='bbox 1002 420 1226 456; x_wconf 79' lang='lat' dir='ltr'><strong>catholicam</strong></span> <span class='ocrx_word' id='word_1_28' title='bbox 1243 420 1355 457; x_wconf 91' lang='lat' dir='ltr'><strong>fidem</strong></span> <span class='ocrx_word' id='word_1_29' title='bbox 1372 425 1412 456; x_wconf 89' lang='lat' dir='ltr'><strong>et</strong></span> <span class='ocrx_word' id='word_1_30' title='bbox 1424 421 1651 457; x_wconf 87' lang='lat' dir='ltr'><strong>contrariam</strong></span> <span class='ocrx_word' id='word_1_31' title='bbox 1663 420 1873 456; x_wconf 75' lang='lat' dir='ltr'><strong>doctrinam</strong></span> 
     </span>
     <span class='ocr_line' id='line_1_5' title="bbox 415 478 1874 528; baseline -0.001 -12"><span class='ocrx_word' id='word_1_32' title='bbox 415 479 712 528; x_wconf 87' lang='lat' dir='ltr'><strong>impugnandam</strong></span> <span class='ocrx_word' id='word_1_33' title='bbox 729 482 768 515; x_wconf 89' lang='lat' dir='ltr'><strong>et</strong></span> <span class='ocrx_word' id='word_1_34' title='bbox 785 479 893 515; x_wconf 87' lang='lat' dir='ltr'><strong>litere</strong></span> <span class='ocrx_word' id='word_1_35' title='bbox 909 491 953 515; x_wconf 89' lang='lat' dir='ltr'><strong>ea</strong></span> <span class='ocrx_word' id='word_1_36' title='bbox 969 479 1016 515; x_wconf 91' lang='lat' dir='ltr'><strong>de</strong></span> <span class='ocrx_word' id='word_1_37' title='bbox 1031 491 1072 515; x_wconf 90' lang='lat' dir='ltr'><strong>re</strong></span> <span class='ocrx_word' id='word_1_38' title='bbox 1088 479 1137 515; x_wconf 85' lang='lat' dir='ltr'><strong>ad</strong></span> <span class='ocrx_word' id='word_1_39' title='bbox 1150 479 1379 516; x_wconf 84' lang='lat' dir='ltr'><strong>Oxonienses</strong></span> <span class='ocrx_word' id='word_1_40' title='bbox 1396 479 1604 526; x_wconf 82' lang='lat' dir='ltr'><strong>conscripte</strong></span> <span class='ocrx_word' id='word_1_41' title='bbox 1616 478 1737 526; x_wconf 90' lang='lat' dir='ltr'><strong>sigillo</strong></span> <span class='ocrx_word' id='word_1_42' title='bbox 1750 481 1874 514; x_wconf 87' lang='lat' dir='ltr'><strong>vestro</strong></span> 
     </span>
     <span class='ocr_line' id='line_1_6' title="bbox 416 538 891 585; baseline -0.002 -10"><span class='ocrx_word' id='word_1_43' title='bbox 416 539 606 575; x_wconf 90' lang='lat' dir='ltr'><strong>communi</strong></span> <span class='ocrx_word' id='word_1_44' title='bbox 623 538 891 585; x_wconf 70' lang='lat' dir='ltr'><strong>consignentur</strong></span> 
     </span>
    </p>

    <p class='ocr_par' dir='ltr' id='par_1_3' title="bbox 322 596 1873 761">
     <span class='ocr_line' id='line_1_7' title="bbox 322 596 1873 643; baseline -0.001 -9"><span class='ocrx_word' id='word_1_45' title='bbox 322 598 422 634; x_wconf 89' lang='lat' dir='ltr'><strong>ltem</strong></span> <span class='ocrx_word' id='word_1_46' title='bbox 446 597 664 633; x_wconf 78' lang='lat' dir='ltr'><strong>conceditur</strong></span> <span class='ocrx_word' id='word_1_47' title='bbox 688 601 730 633; x_wconf 89' lang='lat' dir='ltr'><strong>vt</strong></span> <span class='ocrx_word' id='word_1_48' title='bbox 755 597 1055 633; x_wconf 80' lang='lat' dir='ltr'><strong>instrumentum</strong></span> <span class='ocrx_word' id='word_1_49' title='bbox 1080 597 1148 632; x_wconf 89' lang='lat' dir='ltr'><strong>fiat</strong></span> <span class='ocrx_word' id='word_1_50' title='bbox 1170 599 1213 633; x_wconf 88' lang='lat' dir='ltr'><strong>vt</strong></span> <span class='ocrx_word' id='word_1_51' title='bbox 1238 596 1374 633; x_wconf 91' lang='lat' dir='ltr'><strong>horum</strong></span> <span class='ocrx_word' id='word_1_52' title='bbox 1397 597 1503 633; x_wconf 92' lang='lat' dir='ltr'><strong>vobis</strong></span> <span class='ocrx_word' id='word_1_53' title='bbox 1525 597 1602 632; x_wconf 85' lang='lat' dir='ltr'><strong>iam</strong></span> <span class='ocrx_word' id='word_1_54' title='bbox 1623 596 1873 643; x_wconf 87' lang='lat' dir='ltr'><strong>prelectorum</strong></span> 
     </span>
     <span class='ocr_line' id='line_1_8' title="bbox 415 655 1873 702; baseline -0.001 -9"><span class='ocrx_word' id='word_1_55' title='bbox 415 657 660 693; x_wconf 87' lang='lat' dir='ltr'><strong>articulorum</strong></span> <span class='ocrx_word' id='word_1_56' title='bbox 682 656 855 693; x_wconf 86' lang='lat' dir='ltr'><strong>doctrina</strong></span> <span class='ocrx_word' id='word_1_57' title='bbox 876 668 969 692; x_wconf 86' lang='lat' dir='ltr'><strong>sana</strong></span> <span class='ocrx_word' id='word_1_58' title='bbox 991 656 1043 692; x_wconf 89' lang='lat' dir='ltr'><strong>sit</strong></span> <span class='ocrx_word' id='word_1_59' title='bbox 1065 659 1104 692; x_wconf 88' lang='lat' dir='ltr'><strong>et</strong></span> <span class='ocrx_word' id='word_1_60' title='bbox 1126 656 1312 692; x_wconf 89' lang='lat' dir='ltr'><strong>catholica</strong></span> <span class='ocrx_word' id='word_1_61' title='bbox 1333 659 1449 702; x_wconf 89' lang='lat' dir='ltr'><strong>atque</strong></span> <span class='ocrx_word' id='word_1_62' title='bbox 1469 668 1555 692; x_wconf 90' lang='lat' dir='ltr'><strong>curn</strong></span> <span class='ocrx_word' id='word_1_63' title='bbox 1573 656 1731 692; x_wconf 85' lang='lat' dir='ltr'><strong>veritate</strong></span> <span class='ocrx_word' id='word_1_64' title='bbox 1748 655 1873 691; x_wconf 90' lang='lat' dir='ltr'><strong>ortho-</strong></span> 
     </span>
     <span class='ocr_line' id='line_1_9' title="bbox 416 713 1811 761; baseline -0.001 -10"><span class='ocrx_word' id='word_1_65' title='bbox 416 715 510 751; x_wconf 85' lang='lat' dir='ltr'><strong>doxe</strong></span> <span class='ocrx_word' id='word_1_66' title='bbox 526 714 612 751; x_wconf 89' lang='lat' dir='ltr'><strong>fidei</strong></span> <span class='ocrx_word' id='word_1_67' title='bbox 630 715 870 751; x_wconf 89' lang='lat' dir='ltr'><strong>consentiens</strong></span> <span class='ocrx_word' id='word_1_68' title='bbox 886 719 926 751; x_wconf 93' lang='lat' dir='ltr'><strong>et</strong></span> <span class='ocrx_word' id='word_1_69' title='bbox 942 717 1068 750; x_wconf 89' lang='lat' dir='ltr'><strong>vestro</strong></span> <span class='ocrx_word' id='word_1_70' title='bbox 1084 726 1270 750; x_wconf 88' lang='lat' dir='ltr'><strong>consensu</strong></span> <span class='ocrx_word' id='word_1_71' title='bbox 1286 717 1326 750; x_wconf 88' lang='lat' dir='ltr'><strong>et</strong></span> <span class='ocrx_word' id='word_1_72' title='bbox 1341 714 1529 761; x_wconf 86' lang='lat' dir='ltr'><strong>suffragiis</strong></span> <span class='ocrx_word' id='word_1_73' title='bbox 1545 713 1811 761; x_wconf 85' lang='lat' dir='ltr'><strong>comprobetur</strong></span> 
     </span>
    </p>

    <p class='ocr_par' dir='ltr' id='par_1_4' title="bbox 323 772 1875 928">
     <span class='ocr_line' id='line_1_10' title="bbox 323 772 1875 820; baseline -0.001 -10"><span class='ocrx_word' id='word_1_74' title='bbox 323 774 422 810; x_wconf 91' lang='lat' dir='ltr'><strong>Item</strong></span> <span class='ocrx_word' id='word_1_75' title='bbox 444 773 663 810; x_wconf 87' lang='lat' dir='ltr'><strong>conceditur</strong></span> <span class='ocrx_word' id='word_1_76' title='bbox 685 775 727 808; x_wconf 83' lang='lat' dir='ltr'><strong>vt</strong></span> <span class='ocrx_word' id='word_1_77' title='bbox 749 777 876 820; x_wconf 88' lang='lat' dir='ltr'><strong>preter</strong></span> <span class='ocrx_word' id='word_1_78' title='bbox 897 773 1026 809; x_wconf 81' lang='lat' dir='ltr'><strong>literas</strong></span> <span class='ocrx_word' id='word_1_79' title='bbox 1049 772 1160 809; x_wconf 88' lang='lat' dir='ltr'><strong>modo</strong></span> <span class='ocrx_word' id='word_1_80' title='bbox 1182 773 1300 809; x_wconf 88' lang='lat' dir='ltr'><strong>lectas</strong></span> <span class='ocrx_word' id='word_1_81' title='bbox 1321 773 1428 809; x_wconf 85' lang='lat' dir='ltr'><strong>litere</strong></span> <span class='ocrx_word' id='word_1_82' title='bbox 1451 773 1567 809; x_wconf 85' lang='lat' dir='ltr'><strong>etiam</strong></span> <span class='ocrx_word' id='word_1_83' title='bbox 1590 772 1875 809; x_wconf 82' lang='lat' dir='ltr'><strong>conscribantur</strong></span> 
     </span>
     <span class='ocr_line' id='line_1_11' title="bbox 415 831 1874 880; baseline -0.001 -12"><span class='ocrx_word' id='word_1_84' title='bbox 415 832 463 869; x_wconf 88' lang='lat' dir='ltr'><strong>ad</strong></span> <span class='ocrx_word' id='word_1_85' title='bbox 488 832 719 880; x_wconf 90' lang='lat' dir='ltr'><strong>prenobilem</strong></span> <span class='ocrx_word' id='word_1_86' title='bbox 745 832 869 869; x_wconf 89' lang='lat' dir='ltr'><strong>virum</strong></span> <span class='ocrx_word' id='word_1_87' title='bbox 897 832 1092 869; x_wconf 89' lang='lat' dir='ltr'><strong>dominum</strong></span> <span class='ocrx_word' id='word_1_88' title='bbox 1126 832 1260 879; x_wconf 88' lang='lat' dir='ltr'><strong>Pagett</strong></span> <span class='ocrx_word' id='word_1_89' title='bbox 1287 834 1327 868; x_wconf 85' lang='lat' dir='ltr'><strong>et</strong></span> <span class='ocrx_word' id='word_1_90' title='bbox 1355 832 1568 879; x_wconf 87' lang='lat' dir='ltr'><strong>sigillentur</strong></span> <span class='ocrx_word' id='word_1_91' title='bbox 1599 831 1722 879; x_wconf 90' lang='lat' dir='ltr'><strong>sigillo</strong></span> <span class='ocrx_word' id='word_1_92' title='bbox 1749 833 1874 867; x_wconf 89' lang='lat' dir='ltr'><strong>vestro</strong></span> 
     </span>
     <span class='ocr_line' id='line_1_12' title="bbox 416 892 606 928; baseline -0.005 0"><span class='ocrx_word' id='word_1_93' title='bbox 416 892 606 928; x_wconf 91' lang='lat' dir='ltr'><strong>communi</strong></span> 
     </span>
    </p>

    <p class='ocr_par' dir='ltr' id='par_1_5' title="bbox 323 948 1875 1175">
     <span class='ocr_line' id='line_1_13' title="bbox 323 948 1875 997; baseline -0.001 -11"><span class='ocrx_word' id='word_1_94' title='bbox 323 951 421 987; x_wconf 74' lang='lat' dir='ltr'><strong>Item</strong></span> <span class='ocrx_word' id='word_1_95' title='bbox 454 949 672 986; x_wconf 89' lang='lat' dir='ltr'><strong>conceditur</strong></span> <span class='ocrx_word' id='word_1_96' title='bbox 702 953 744 986; x_wconf 88' lang='lat' dir='ltr'><strong>vt</strong></span> <span class='ocrx_word' id='word_1_97' title='bbox 776 950 969 997; x_wconf 88' lang='lat' dir='ltr'><strong>responsio</strong></span> <span class='ocrx_word' id='word_1_98' title='bbox 1002 950 1041 986; x_wconf 90' lang='lat' dir='ltr'><strong>in</strong></span> <span class='ocrx_word' id='word_1_99' title='bbox 1075 948 1274 985; x_wconf 89' lang='lat' dir='ltr'><strong>medicinis</strong></span> <span class='ocrx_word' id='word_1_100' title='bbox 1305 950 1352 986; x_wconf 88' lang='lat' dir='ltr'><strong>ad</strong></span> <span class='ocrx_word' id='word_1_101' title='bbox 1382 962 1496 997; x_wconf 86' lang='lat' dir='ltr'><strong>quam</strong></span> <span class='ocrx_word' id='word_1_102' title='bbox 1525 952 1677 986; x_wconf 86' lang='lat' dir='ltr'><strong>tenetur</strong></span> <span class='ocrx_word' id='word_1_103' title='bbox 1704 949 1875 996; x_wconf 89' lang='lat' dir='ltr'><strong>inceptor</strong></span> 
     </span>
     <span class='ocr_line' id='line_1_14' title="bbox 417 1008 1874 1056; baseline -0.001 -11"><span class='ocrx_word' id='word_1_104' title='bbox 417 1009 641 1046; x_wconf 84' lang='lat' dir='ltr'><strong>Standisshe</strong></span> <span class='ocrx_word' id='word_1_105' title='bbox 677 1010 826 1045; x_wconf 87' lang='lat' dir='ltr'><strong>racione</strong></span> <span class='ocrx_word' id='word_1_106' title='bbox 861 1009 1102 1046; x_wconf 87' lang='lat' dir='ltr'><strong>admissionis</strong></span> <span class='ocrx_word' id='word_1_107' title='bbox 1137 1019 1204 1044; x_wconf 79' lang='lat' dir='ltr'><strong>sue</strong></span> <span class='ocrx_word' id='word_1_108' title='bbox 1238 1009 1278 1044; x_wconf 94' lang='lat' dir='ltr'><strong>in</strong></span> <span class='ocrx_word' id='word_1_109' title='bbox 1312 1009 1549 1046; x_wconf 85' lang='lat' dir='ltr'><strong>doctoratum</strong></span> <span class='ocrx_word' id='word_1_110' title='bbox 1581 1008 1722 1045; x_wconf 84' lang='lat' dir='ltr'><strong>differri</strong></span> <span class='ocrx_word' id='word_1_111' title='bbox 1753 1008 1874 1056; x_wconf 85' lang='lat' dir='ltr'><strong>possit</strong></span> 
     </span>
     <span class='ocr_line' id='line_1_15' title="bbox 417 1068 1874 1116; baseline 0 -12"><span class='ocrx_word' id='word_1_112' title='bbox 417 1081 534 1115; x_wconf 85' lang='lat' dir='ltr'><strong>vsque</strong></span> <span class='ocrx_word' id='word_1_113' title='bbox 559 1068 651 1105; x_wconf 94' lang='lat' dir='ltr'><strong>dum</strong></span> <span class='ocrx_word' id='word_1_114' title='bbox 680 1068 833 1105; x_wconf 85' lang='lat' dir='ltr'><strong>redierit</strong></span> <span class='ocrx_word' id='word_1_115' title='bbox 857 1081 880 1105; x_wconf 85' lang='lat' dir='ltr'><strong>a</strong></span> <span class='ocrx_word' id='word_1_116' title='bbox 904 1068 1078 1116; x_wconf 84' lang='lat' dir='ltr'><strong>partibus</strong></span> <span class='ocrx_word' id='word_1_117' title='bbox 1106 1068 1371 1105; x_wconf 88' lang='lat' dir='ltr'><strong>transmarinis</strong></span> <span class='ocrx_word' id='word_1_118' title='bbox 1404 1069 1458 1105; x_wconf 89' lang='lat' dir='ltr'><strong>sic</strong></span> <span class='ocrx_word' id='word_1_119' title='bbox 1487 1071 1529 1105; x_wconf 91' lang='lat' dir='ltr'><strong>vt</strong></span> <span class='ocrx_word' id='word_1_120' title='bbox 1561 1068 1688 1104; x_wconf 87' lang='lat' dir='ltr'><strong>omnia</strong></span> <span class='ocrx_word' id='word_1_121' title='bbox 1719 1071 1874 1116; x_wconf 87' lang='lat' dir='ltr'><strong>peragat</strong></span> 
     </span>
     <span class='ocr_line' id='line_1_16' title="bbox 416 1127 1050 1175; baseline -0.002 -11"><span class='ocrx_word' id='word_1_122' title='bbox 416 1127 489 1164; x_wconf 90' lang='lat' dir='ltr'><strong>sub</strong></span> <span class='ocrx_word' id='word_1_123' title='bbox 512 1139 610 1175; x_wconf 84' lang='lat' dir='ltr'><strong>pena</strong></span> <span class='ocrx_word' id='word_1_124' title='bbox 634 1127 825 1164; x_wconf 84' lang='lat' dir='ltr'><strong>caucionis</strong></span> <span class='ocrx_word' id='word_1_125' title='bbox 849 1128 960 1164; x_wconf 86' lang='lat' dir='ltr'><strong>realis</strong></span> <span class='ocrx_word' id='word_1_126' title='bbox 983 1128 1050 1164; x_wconf 84' lang='lat' dir='ltr'><strong>xls</strong></span> 
     </span>
    </p>

    <p class='ocr_par' dir='ltr' id='par_1_6' title="bbox 322 1186 1874 1411">
     <span class='ocr_line' id='line_1_17' title="bbox 322 1186 1874 1234; baseline -0.001 -10"><span class='ocrx_word' id='word_1_127' title='bbox 322 1187 422 1224; x_wconf 88' lang='lat' dir='ltr'><strong>Item</strong></span> <span class='ocrx_word' id='word_1_128' title='bbox 446 1187 664 1223; x_wconf 87' lang='lat' dir='ltr'><strong>conceditur</strong></span> <span class='ocrx_word' id='word_1_129' title='bbox 679 1189 723 1223; x_wconf 89' lang='lat' dir='ltr'><strong>vt</strong></span> <span class='ocrx_word' id='word_1_130' title='bbox 744 1187 915 1223; x_wconf 87' lang='lat' dir='ltr'><strong>doctores</strong></span> <span class='ocrx_word' id='word_1_131' title='bbox 932 1187 1091 1223; x_wconf 84' lang='lat' dir='ltr'><strong>Watson</strong></span> <span class='ocrx_word' id='word_1_132' title='bbox 1113 1190 1152 1223; x_wconf 90' lang='lat' dir='ltr'><strong>et</strong></span> <span class='ocrx_word' id='word_1_133' title='bbox 1177 1186 1366 1234; x_wconf 85' lang='lat' dir='ltr'><strong>Langdale</strong></span> <span class='ocrx_word' id='word_1_134' title='bbox 1383 1189 1508 1223; x_wconf 88' lang='lat' dir='ltr'><strong>vestro</strong></span> <span class='ocrx_word' id='word_1_135' title='bbox 1524 1186 1677 1222; x_wconf 90' lang='lat' dir='ltr'><strong>nomine</strong></span> <span class='ocrx_word' id='word_1_136' title='bbox 1693 1186 1732 1222; x_wconf 92' lang='lat' dir='ltr'><strong>in</strong></span> <span class='ocrx_word' id='word_1_137' title='bbox 1750 1186 1874 1222; x_wconf 83' lang='lat' dir='ltr'><strong>causis</strong></span> 
     </span>
     <span class='ocr_line' id='line_1_18' title="bbox 416 1245 1874 1293; baseline 0.001 -12"><span class='ocrx_word' id='word_1_138' title='bbox 416 1245 634 1282; x_wconf 84' lang='lat' dir='ltr'><strong>achademie</strong></span> <span class='ocrx_word' id='word_1_139' title='bbox 655 1245 920 1293; x_wconf 90' lang='lat' dir='ltr'><strong>promovendis</strong></span> <span class='ocrx_word' id='word_1_140' title='bbox 941 1258 1028 1282; x_wconf 89' lang='lat' dir='ltr'><strong>cum</strong></span> <span class='ocrx_word' id='word_1_141' title='bbox 1051 1246 1203 1282; x_wconf 90' lang='lat' dir='ltr'><strong>domino</strong></span> <span class='ocrx_word' id='word_1_142' title='bbox 1226 1258 1374 1282; x_wconf 87' lang='lat' dir='ltr'><strong>summo</strong></span> <span class='ocrx_word' id='word_1_143' title='bbox 1391 1246 1611 1282; x_wconf 85' lang='lat' dir='ltr'><strong>cancellario</strong></span> <span class='ocrx_word' id='word_1_144' title='bbox 1627 1249 1742 1292; x_wconf 82' lang='lat' dir='ltr'><strong>agant</strong></span> <span class='ocrx_word' id='word_1_145' title='bbox 1758 1249 1874 1293; x_wconf 86' lang='lat' dir='ltr'><strong>atque</strong></span> 
     </span>
     <span class='ocr_line' id='line_1_19' title="bbox 415 1303 1873 1351; baseline 0.001 -12"><span class='ocrx_word' id='word_1_146' title='bbox 415 1303 577 1340; x_wconf 89' lang='lat' dir='ltr'><strong>eundem</strong></span> <span class='ocrx_word' id='word_1_147' title='bbox 600 1303 806 1340; x_wconf 70' lang='lat' dir='ltr'><strong>sollicitent</strong></span> <span class='ocrx_word' id='word_1_148' title='bbox 828 1308 868 1340; x_wconf 89' lang='lat' dir='ltr'><strong>et</strong></span> <span class='ocrx_word' id='word_1_149' title='bbox 889 1315 934 1340; x_wconf 87' lang='lat' dir='ltr'><strong>ea</strong></span> <span class='ocrx_word' id='word_1_150' title='bbox 957 1306 1140 1351; x_wconf 87' lang='lat' dir='ltr'><strong>peragant</strong></span> <span class='ocrx_word' id='word_1_151' title='bbox 1161 1315 1235 1351; x_wconf 86' lang='lat' dir='ltr'><strong>que</strong></span> <span class='ocrx_word' id='word_1_152' title='bbox 1256 1303 1305 1340; x_wconf 87' lang='lat' dir='ltr'><strong>ad</strong></span> <span class='ocrx_word' id='word_1_153' title='bbox 1325 1304 1542 1340; x_wconf 86' lang='lat' dir='ltr'><strong>achademie</strong></span> <span class='ocrx_word' id='word_1_154' title='bbox 1558 1304 1710 1351; x_wconf 90' lang='lat' dir='ltr'><strong>negocia</strong></span> <span class='ocrx_word' id='word_1_155' title='bbox 1726 1304 1873 1340; x_wconf 90' lang='lat' dir='ltr'><strong>confici—</strong></span> 
     </span>
     <span class='ocr_line' id='line_1_20' title="bbox 415 1364 1109 1411; baseline 0.001 -11"><span class='ocrx_word' id='word_1_156' title='bbox 415 1364 513 1401; x_wconf 87' lang='lat' dir='ltr'><strong>enda</strong></span> <span class='ocrx_word' id='word_1_157' title='bbox 529 1364 670 1400; x_wconf 90' lang='lat' dir='ltr'><strong>eisdem</strong></span> <span class='ocrx_word' id='word_1_158' title='bbox 687 1364 861 1411; x_wconf 85' lang='lat' dir='ltr'><strong>expedire</strong></span> <span class='ocrx_word' id='word_1_159' title='bbox 878 1364 1109 1401; x_wconf 87' lang='lat' dir='ltr'><strong>videbuntur</strong></span> 
     </span>
    </p>

    <p class='ocr_par' dir='ltr' id='par_1_7' title="bbox 321 1423 1874 1532">
     <span class='ocr_line' id='line_1_21' title="bbox 321 1423 1874 1471; baseline 0 -11"><span class='ocrx_word' id='word_1_160' title='bbox 321 1424 421 1460; x_wconf 90' lang='lat' dir='ltr'><strong>Item</strong></span> <span class='ocrx_word' id='word_1_161' title='bbox 456 1423 675 1460; x_wconf 82' lang='lat' dir='ltr'><strong>conceditur</strong></span> <span class='ocrx_word' id='word_1_162' title='bbox 702 1427 746 1460; x_wconf 91' lang='lat' dir='ltr'><strong>vt</strong></span> <span class='ocrx_word' id='word_1_163' title='bbox 775 1425 954 1471; x_wconf 83' lang='lat' dir='ltr'><strong>magister</strong></span> <span class='ocrx_word' id='word_1_164' title='bbox 984 1424 1160 1471; x_wconf 86' lang='lat' dir='ltr'><strong>Haryson</strong></span> <span class='ocrx_word' id='word_1_165' title='bbox 1194 1428 1234 1460; x_wconf 90' lang='lat' dir='ltr'><strong>et</strong></span> <span class='ocrx_word' id='word_1_166' title='bbox 1266 1424 1443 1460; x_wconf 83' lang='lat' dir='ltr'><strong>dominus</strong></span> <span class='ocrx_word' id='word_1_167' title='bbox 1474 1424 1498 1460; x_wconf 85' lang='lat' dir='ltr'><strong>J</strong></span> <span class='ocrx_word' id='word_1_168' title='bbox 1501 1424 1668 1460; x_wconf 85' lang='lat' dir='ltr'><strong>ohannes</strong></span> <span class='ocrx_word' id='word_1_169' title='bbox 1701 1424 1874 1460; x_wconf 87' lang='lat' dir='ltr'><strong>Elwoode</strong></span> 
     </span>
     <span class='ocr_line' id='line_1_22' title="bbox 415 1483 1635 1532; baseline 0.001 -13"><span class='ocrx_word' id='word_1_170' title='bbox 415 1484 563 1531; x_wconf 82' lang='lat' dir='ltr'><strong>possint</strong></span> <span class='ocrx_word' id='word_1_171' title='bbox 587 1483 773 1519; x_wconf 88' lang='lat' dir='ltr'><strong>nominari</strong></span> <span class='ocrx_word' id='word_1_172' title='bbox 797 1483 951 1520; x_wconf 89' lang='lat' dir='ltr'><strong>domino</strong></span> <span class='ocrx_word' id='word_1_173' title='bbox 976 1484 1124 1520; x_wconf 91' lang='lat' dir='ltr'><strong>Northe</strong></span> <span class='ocrx_word' id='word_1_174' title='bbox 1148 1496 1216 1532; x_wconf 89' lang='lat' dir='ltr'><strong>pro</strong></span> <span class='ocrx_word' id='word_1_175' title='bbox 1240 1484 1380 1520; x_wconf 86' lang='lat' dir='ltr'><strong>vicaria</strong></span> <span class='ocrx_word' id='word_1_176' title='bbox 1403 1484 1451 1520; x_wconf 90' lang='lat' dir='ltr'><strong>de</strong></span> <span class='ocrx_word' id='word_1_177' title='bbox 1475 1484 1635 1520; x_wconf 88' lang='lat' dir='ltr'><strong>Burwell</strong></span> 
     </span>
    </p>

    <p class='ocr_par' dir='ltr' id='par_1_8' title="bbox 321 1543 1873 1638">
     <span class='ocr_line' id='line_1_23' title="bbox 321 1543 1873 1590; baseline 0 -10"><span class='ocrx_word' id='word_1_178' title='bbox 321 1543 421 1580; x_wconf 87' lang='lat' dir='ltr'><strong>Item</strong></span> <span class='ocrx_word' id='word_1_179' title='bbox 438 1543 655 1579; x_wconf 87' lang='lat' dir='ltr'><strong>conceditur</strong></span> <span class='ocrx_word' id='word_1_180' title='bbox 667 1546 709 1579; x_wconf 86' lang='lat' dir='ltr'><strong>vt</strong></span> <span class='ocrx_word' id='word_1_181' title='bbox 727 1543 906 1590; x_wconf 87' lang='lat' dir='ltr'><strong>magister</strong></span> <span class='ocrx_word' id='word_1_182' title='bbox 924 1543 1016 1579; x_wconf 85' lang='lat' dir='ltr'><strong>Dale</strong></span> <span class='ocrx_word' id='word_1_183' title='bbox 1033 1544 1084 1580; x_wconf 89' lang='lat' dir='ltr'><strong>sit</strong></span> <span class='ocrx_word' id='word_1_184' title='bbox 1100 1544 1311 1580; x_wconf 85' lang='lat' dir='ltr'><strong>sacellanus</strong></span> <span class='ocrx_word' id='word_1_185' title='bbox 1327 1543 1544 1580; x_wconf 81' lang='lat' dir='ltr'><strong>achademie</strong></span> <span class='ocrx_word' id='word_1_186' title='bbox 1556 1547 1595 1580; x_wconf 90' lang='lat' dir='ltr'><strong>et</strong></span> <span class='ocrx_word' id='word_1_187' title='bbox 1611 1547 1739 1580; x_wconf 88' lang='lat' dir='ltr'><strong>custos</strong></span> <span class='ocrx_word' id='word_1_188' title='bbox 1751 1544 1873 1580; x_wconf 86' lang='lat' dir='ltr'><strong>crucis</strong></span> 
     </span>
     <span class='ocr_line' id='line_1_24' title="bbox 415 1601 790 1638; baseline 0 -1"><span class='ocrx_word' id='word_1_189' title='bbox 415 1604 542 1638; x_wconf 86' lang='lat' dir='ltr'><strong>vestra</strong></span> <span class='ocrx_word' id='word_1_190' title='bbox 557 1601 790 1638; x_wconf 86' lang='lat' dir='ltr'><strong>authoritate</strong></span> 
     </span>
    </p>

    <p class='ocr_par' dir='ltr' id='par_1_9' title="bbox 321 1660 1873 2065">
     <span class='ocr_line' id='line_1_25' title="bbox 321 1660 1872 1708; baseline 0.001 -10"><span class='ocrx_word' id='word_1_191' title='bbox 321 1662 421 1698; x_wconf 80' lang='lat' dir='ltr'><strong>Item</strong></span> <span class='ocrx_word' id='word_1_192' title='bbox 450 1660 668 1697; x_wconf 87' lang='lat' dir='ltr'><strong>conceditur</strong></span> <span class='ocrx_word' id='word_1_193' title='bbox 689 1665 731 1697; x_wconf 89' lang='lat' dir='ltr'><strong>vt</strong></span> <span class='ocrx_word' id='word_1_194' title='bbox 757 1662 936 1708; x_wconf 87' lang='lat' dir='ltr'><strong>quoniam</strong></span> <span class='ocrx_word' id='word_1_195' title='bbox 966 1661 1112 1698; x_wconf 84' lang='lat' dir='ltr'><strong>nullum</strong></span> <span class='ocrx_word' id='word_1_196' title='bbox 1138 1662 1262 1699; x_wconf 84' lang='lat' dir='ltr'><strong>adhuc</strong></span> <span class='ocrx_word' id='word_1_197' title='bbox 1290 1665 1481 1699; x_wconf 89' lang='lat' dir='ltr'><strong>statutum</strong></span> <span class='ocrx_word' id='word_1_198' title='bbox 1506 1663 1719 1699; x_wconf 88' lang='lat' dir='ltr'><strong>confectum</strong></span> <span class='ocrx_word' id='word_1_199' title='bbox 1743 1665 1802 1699; x_wconf 79' lang='lat' dir='ltr'><strong>est</strong></span> <span class='ocrx_word' id='word_1_200' title='bbox 1825 1662 1872 1699; x_wconf 91' lang='lat' dir='ltr'><strong>de</strong></span> 
     </span>
     <span class='ocr_line' id='line_1_26' title="bbox 414 1721 1870 1770; baseline 0.003 -14"><span class='ocrx_word' id='word_1_201' title='bbox 414 1721 674 1757; x_wconf 82' lang='lat' dir='ltr'><strong>nominacione</strong></span> <span class='ocrx_word' id='word_1_202' title='bbox 691 1721 818 1757; x_wconf 91' lang='lat' dir='ltr'><strong>vicarii</strong></span> <span class='ocrx_word' id='word_1_203' title='bbox 840 1721 1101 1758; x_wconf 88' lang='lat' dir='ltr'><strong>Burwellensis</strong></span> <span class='ocrx_word' id='word_1_204' title='bbox 1122 1723 1328 1759; x_wconf 86' lang='lat' dir='ltr'><strong>consimilis</strong></span> <span class='ocrx_word' id='word_1_205' title='bbox 1350 1723 1440 1759; x_wconf 91' lang='lat' dir='ltr'><strong>ordo</strong></span> <span class='ocrx_word' id='word_1_206' title='bbox 1462 1722 1682 1760; x_wconf 84' lang='lat' dir='ltr'><strong>observetur</strong></span> <span class='ocrx_word' id='word_1_207' title='bbox 1697 1723 1763 1770; x_wconf 88' lang='lat' dir='ltr'><strong>qui</strong></span> <span class='ocrx_word' id='word_1_208' title='bbox 1786 1723 1870 1760; x_wconf 86' lang='lat' dir='ltr'><strong>hac—</strong></span> 
     </span>
     <span class='ocr_line' id='line_1_27' title="bbox 414 1778 1871 1817; baseline 0.002 -3"><span class='ocrx_word' id='word_1_209' title='bbox 414 1783 527 1815; x_wconf 87' lang='lat' dir='ltr'><strong>tenus</strong></span> <span class='ocrx_word' id='word_1_210' title='bbox 560 1778 779 1815; x_wconf 84' lang='lat' dir='ltr'><strong>observatus</strong></span> <span class='ocrx_word' id='word_1_211' title='bbox 807 1782 866 1815; x_wconf 84' lang='lat' dir='ltr'><strong>est</strong></span> <span class='ocrx_word' id='word_1_212' title='bbox 895 1779 934 1815; x_wconf 93' lang='lat' dir='ltr'><strong>in</strong></span> <span class='ocrx_word' id='word_1_213' title='bbox 967 1779 1148 1816; x_wconf 91' lang='lat' dir='ltr'><strong>electione</strong></span> <span class='ocrx_word' id='word_1_214' title='bbox 1180 1783 1394 1817; x_wconf 85' lang='lat' dir='ltr'><strong>taxatorum</strong></span> <span class='ocrx_word' id='word_1_215' title='bbox 1421 1781 1479 1817; x_wconf 87' lang='lat' dir='ltr'><strong>viz</strong></span> <span class='ocrx_word' id='word_1_216' title='bbox 1506 1783 1548 1817; x_wconf 86' lang='lat' dir='ltr'><strong>vt</strong></span> <span class='ocrx_word' id='word_1_217' title='bbox 1579 1793 1623 1817; x_wconf 83' lang='lat' dir='ltr'><strong>ex</strong></span> <span class='ocrx_word' id='word_1_218' title='bbox 1655 1793 1719 1817; x_wconf 84' lang='lat' dir='ltr'><strong>sex</strong></span> <span class='ocrx_word' id='word_1_219' title='bbox 1752 1781 1871 1817; x_wconf 90' lang='lat' dir='ltr'><strong>nomi·</strong></span> 
     </span>
     <span class='ocr_line' id='line_1_28' title="bbox 415 1837 1870 1888; baseline 0.002 -14"><span class='ocrx_word' id='word_1_220' title='bbox 415 1837 552 1875; x_wconf 83' lang='lat' dir='ltr'><strong>nandis</strong></span> <span class='ocrx_word' id='word_1_221' title='bbox 568 1850 635 1885; x_wconf 86' lang='lat' dir='ltr'><strong>per</strong></span> <span class='ocrx_word' id='word_1_222' title='bbox 646 1837 842 1874; x_wconf 92' lang='lat' dir='ltr'><strong>dominum</strong></span> <span class='ocrx_word' id='word_1_223' title='bbox 855 1838 1200 1876; x_wconf 82' lang='lat' dir='ltr'><strong>vicecancellarium</strong></span> <span class='ocrx_word' id='word_1_224' title='bbox 1211 1841 1395 1887; x_wconf 82' lang='lat' dir='ltr'><strong>prefectos</strong></span> <span class='ocrx_word' id='word_1_225' title='bbox 1405 1841 1643 1888; x_wconf 86' lang='lat' dir='ltr'><strong>collegiorum</strong></span> <span class='ocrx_word' id='word_1_226' title='bbox 1660 1845 1727 1878; x_wconf 85' lang='lat' dir='ltr'><strong>aut</strong></span> <span class='ocrx_word' id='word_1_227' title='bbox 1742 1852 1870 1877; x_wconf 89' lang='lat' dir='ltr'><strong>eorum</strong></span> 
     </span>
     <span class='ocr_line' id='line_1_29' title="bbox 415 1897 1872 1947; baseline 0.001 -14"><span class='ocrx_word' id='word_1_228' title='bbox 415 1897 572 1933; x_wconf 83' lang='lat' dir='ltr'><strong>vicarios</strong></span> <span class='ocrx_word' id='word_1_229' title='bbox 595 1901 635 1933; x_wconf 87' lang='lat' dir='ltr'><strong>et</strong></span> <span class='ocrx_word' id='word_1_230' title='bbox 658 1897 830 1933; x_wconf 87' lang='lat' dir='ltr'><strong>doctores</strong></span> <span class='ocrx_word' id='word_1_231' title='bbox 853 1897 929 1934; x_wconf 90' lang='lat' dir='ltr'><strong>duo</strong></span> <span class='ocrx_word' id='word_1_232' title='bbox 953 1910 998 1934; x_wconf 87' lang='lat' dir='ltr'><strong>ex</strong></span> <span class='ocrx_word' id='word_1_233' title='bbox 1023 1898 1098 1934; x_wconf 89' lang='lat' dir='ltr'><strong>illis</strong></span> <span class='ocrx_word' id='word_1_234' title='bbox 1122 1899 1364 1935; x_wconf 80' lang='lat' dir='ltr'><strong>nominentur</strong></span> <span class='ocrx_word' id='word_1_235' title='bbox 1387 1911 1452 1947; x_wconf 88' lang='lat' dir='ltr'><strong>per</strong></span> <span class='ocrx_word' id='word_1_236' title='bbox 1473 1911 1696 1936; x_wconf 84' lang='lat' dir='ltr'><strong>consensum</strong></span> <span class='ocrx_word' id='word_1_237' title='bbox 1719 1899 1872 1936; x_wconf 88' lang='lat' dir='ltr'><strong>maioris</strong></span> 
     </span>
     <span class='ocr_line' id='line_1_30' title="bbox 415 1956 1873 2004; baseline 0.003 -13"><span class='ocrx_word' id='word_1_238' title='bbox 415 1956 536 2003; x_wconf 83' lang='lat' dir='ltr'><strong>partis</strong></span> <span class='ocrx_word' id='word_1_239' title='bbox 562 1956 681 1992; x_wconf 87' lang='lat' dir='ltr'><strong>totius</strong></span> <span class='ocrx_word' id='word_1_240' title='bbox 706 1956 968 1993; x_wconf 86' lang='lat' dir='ltr'><strong>vniuersitatis</strong></span> <span class='ocrx_word' id='word_1_241' title='bbox 992 1957 1058 2003; x_wconf 89' lang='lat' dir='ltr'><strong>qui</strong></span> <span class='ocrx_word' id='word_1_242' title='bbox 1084 1957 1237 2004; x_wconf 90' lang='lat' dir='ltr'><strong>quidem</strong></span> <span class='ocrx_word' id='word_1_243' title='bbox 1262 1958 1316 1994; x_wconf 85' lang='lat' dir='ltr'><strong>sic</strong></span> <span class='ocrx_word' id='word_1_244' title='bbox 1345 1958 1530 1994; x_wconf 86' lang='lat' dir='ltr'><strong>nominati</strong></span> <span class='ocrx_word' id='word_1_245' title='bbox 1555 1958 1719 1994; x_wconf 86' lang='lat' dir='ltr'><strong>habeant</strong></span> <span class='ocrx_word' id='word_1_246' title='bbox 1743 1958 1873 1995; x_wconf 83' lang='lat' dir='ltr'><strong>literas</strong></span> 
     </span>
     <span class='ocr_line' id='line_1_31' title="bbox 416 2016 1456 2065; baseline 0.001 -13"><span class='ocrx_word' id='word_1_247' title='bbox 416 2016 688 2052; x_wconf 82' lang='lat' dir='ltr'><strong>nominacionis</strong></span> <span class='ocrx_word' id='word_1_248' title='bbox 704 2028 771 2053; x_wconf 88' lang='lat' dir='ltr'><strong>sue</strong></span> <span class='ocrx_word' id='word_1_249' title='bbox 787 2016 908 2063; x_wconf 82' lang='lat' dir='ltr'><strong>sigillo</strong></span> <span class='ocrx_word' id='word_1_250' title='bbox 926 2021 1051 2053; x_wconf 86' lang='lat' dir='ltr'><strong>vestro</strong></span> <span class='ocrx_word' id='word_1_251' title='bbox 1067 2017 1257 2053; x_wconf 90' lang='lat' dir='ltr'><strong>communi</strong></span> <span class='ocrx_word' id='word_1_252' title='bbox 1274 2017 1456 2065; x_wconf 80' lang='lat' dir='ltr'><strong>sigillatas</strong></span> 
     </span>
    </p>
   </div>
  </div>
 </body>
</html>
