1976 3276
313 181 396 224 266
895 189 1048 221 cssAcn
1078 189 1200 220 BOOK
1233 189 1263 220 Δ
1643 175 1864 233 [1572-73

311 296 453 332 Eadem
489 295 611 342 gratia
643 295 862 331 conceditur
897 297 942 330 28
981 292 1206 330 Novembris
1243 294 1423 340 magistro
1458 293 1550 330 Tho.
1589 293 1723 329 Newce
1755 293 1862 329 Geor.

406 356 565 402 Bulleyn
592 354 774 401 theologie
796 354 924 390 bacch.
949 353 1129 399 magistro
1149 352 1257 388 Edm.
1284 352 1424 388 Hound
1449 353 1488 388 in
1514 352 1662 388 artibus
1683 352 1864 399 magistro

405 419 428 450 5
457 414 676 451 Decembris
703 413 866 450 Roberto
892 413 1093 460 Whollayn
1122 412 1161 448 in
1188 411 1335 448 artibus
1363 412 1543 458 magistro
1591 414 1614 448 6
1644 411 1773 447 Martii
1800 411 1864 447 W⁰

405 474 567 510 Stanton
597 474 637 510 in
662 473 809 509 artibus
838 472 1018 519 magistro
1066 475 1105 508 2⁰
1130 472 1222 507 Maii
1247 471 1389 507 Jacobo
1415 471 1500 518 Byll
1523 471 1582 507 Jo.
1609 470 1734 506 Cooke
1761 482 1864 506 sacre

406 533 589 580 theologie
622 532 903 568 bacchalaureis
931 531 1119 567 Gwaltero
1151 531 1294 567 Barker
1321 534 1361 567 et
1389 530 1480 567 Tho.
1510 530 1622 566 Ware
1650 530 1690 566 in
1717 529 1865 565 artibus

405 592 597 638 magistris
640 595 680 627 et
699 594 743 627 19
756 591 779 626 J
783 591 863 627 unii
877 589 1053 626 Christos.
1072 589 1258 625 Kirkland
1274 601 1378 625 sacre
1395 589 1580 635 theologie
1596 588 1864 624 bacchalaureo

312 651 539 687 Conceditur
563 653 607 686 16
630 650 849 686 Decembris
870 649 1051 695 magistro
1067 648 1215 684 Adamo
1234 647 1420 695 Holidaye
1437 650 1479 684 vt
1500 647 1639 683 habeat
1660 647 1790 684 literas
1806 647 1864 683 sui

405 709 543 756 gradus
559 709 723 756 suscepti
741 708 925 755 sigillatas
941 706 1063 753 sigillo
1079 710 1206 742 vestro
1221 706 1413 742 communi

312 768 540 804 Conceditur
569 771 614 804 10
640 768 783 815 Aprilis
813 771 855 803 vt
884 766 1064 813 magister
1094 765 1324 812 Bridgwater
1353 765 1491 801 habeat
1519 765 1646 801 omnia
1670 764 1867 802 commoda

406 828 602 875 privilegia
625 831 665 864 et
689 827 888 874 pensiones
913 838 986 873 que
1010 828 1100 862 ante
1124 837 1212 862 eum
1237 829 1403 862 oratores
1428 825 1642 861 habuerunt

313 887 540 923 Conceditur
568 890 606 922 2⁰
633 887 724 922 Maii
754 886 932 933 quoniam
960 885 1048 922 edes
1077 885 1240 932 quedam
1273 885 1372 921 infra
1399 885 1598 921 rectoriam
1628 887 1792 921 vestram
1820 884 1867 921 de

410 946 568 982 Burwell
585 957 705 993 nuper
715 945 853 980 vicario
870 944 1037 980 eiusdem
1055 945 1244 991 assignate
1260 947 1299 980 et
1315 956 1416 980 nunc
1433 943 1577 980 ratione
1593 944 1749 980 alterius
1769 947 1867 980 tene-

407 1006 526 1041 menti
544 1005 597 1040 illi
610 1005 775 1040 concessi
791 1004 840 1040 ad
852 1006 1020 1040 vestram
1034 1003 1308 1051 possessionem
1321 1006 1360 1039 et
1373 1003 1432 1039 ius
1442 1015 1589 1039 reuerse
1600 1004 1639 1039 in
1650 1003 1867 1039 dimissione

408 1064 561 1100 firmarii
590 1063 759 1100 eiusdem
785 1063 943 1099 rectorie
969 1075 1044 1098 non
1072 1063 1316 1100 continentur
1341 1065 1381 1098 et
1409 1061 1492 1098 ideo
1519 1062 1664 1098 incuria
1687 1065 1727 1098 et
1754 1062 1866 1109 negli-

408 1124 535 1170 gentia
559 1136 646 1159 cum
671 1123 801 1159 vicarii
830 1125 915 1159 tum
940 1123 1096 1158 firmarii
1122 1122 1230 1159 valde
1254 1125 1345 1159 sunt
1373 1122 1524 1158 ruinose
1548 1122 1671 1170 placet
1696 1122 1801 1159 vobis
1825 1124 1868 1158 vt

407 1184 584 1220 dominus
609 1183 933 1219 vicecancellarius
958 1183 1129 1218 doctores
1156 1182 1296 1218 Pearne
1321 1185 1360 1217 et
1386 1181 1528 1218 Harvie
1553 1186 1591 1218 et
1615 1181 1758 1218 domini
1784 1193 1867 1229 pro-

409 1247 599 1279 curatores
628 1243 794 1279 habeant
823 1246 985 1279 vestram
1017 1241 1285 1278 auctoritatem
1312 1241 1371 1277 vel
1403 1241 1450 1277 ad
1480 1241 1718 1277 vendendum
1746 1240 1868 1277 dictas

408 1302 496 1339 edes
514 1303 571 1339 vel
594 1303 642 1339 ad
665 1303 864 1339 locandum
887 1305 1000 1350 prout
1016 1302 1071 1338 eis
1086 1301 1390 1338 commodissime
1407 1300 1598 1338 videbitur
1619 1313 1687 1348 pro
1703 1300 1869 1336 vtilitate

409 1362 598 1398 academie
614 1363 668 1398 sic
692 1364 735 1398 vt
752 1361 790 1398 id
813 1364 939 1398 ratum
963 1362 1015 1397 sit
1037 1361 1138 1408 quod
1160 1361 1280 1397 maior
1300 1372 1389 1408 pars
1410 1372 1539 1396 eorum
1556 1359 1761 1396 decreverit
1781 1361 1869 1395 ante

409 1421 549 1456 festum
567 1420 688 1456 sancti
707 1420 903 1456 Michaelis
919 1419 1146 1466 Archangeli
1163 1419 1377 1466 proximum

315 1481 543 1517 Conceditur
570 1483 614 1516 10
633 1480 656 1516 J
660 1480 740 1516 unii
790 1480 915 1525 Quum
940 1492 1038 1528 pena
1062 1479 1201 1516 statuti
1226 1479 1337 1515 modo
1360 1479 1448 1515 lecti
1475 1479 1584 1515 valde
1607 1479 1731 1526 gravis
1755 1478 1806 1515 sit
1829 1481 1870 1514 et

409 1542 521 1588 plena
543 1540 697 1587 periculi
718 1543 848 1587 vtpote
866 1540 1018 1587 periurii
1038 1540 1164 1576 Placet
1182 1539 1288 1576 vobis
1304 1542 1347 1576 vt
1363 1539 1493 1576 eadem
1516 1551 1613 1587 pena
1629 1541 1870 1575 convertatur

412 1601 451 1636 in
478 1600 659 1636 mulctam
684 1599 934 1647 quadraginta
958 1599 1162 1636 solidorum
1187 1603 1227 1635 et
1252 1603 1294 1635 vt
1317 1599 1455 1646 singuli
1481 1600 1520 1635 in
1546 1602 1737 1646 posterum
1762 1609 1869 1646 coop-

412 1660 519 1697 tandi
545 1661 584 1696 in
609 1659 778 1696 ordinem
803 1660 1069 1707 magistrorum
1095 1660 1134 1695 in
1159 1659 1306 1696 artibus
1331 1659 1402 1695 sub
1426 1659 1673 1706 stipulacione
1695 1659 1760 1695 xls
1785 1669 1869 1694 cum

414 1719 546 1755 idoneo
573 1718 788 1754 fideiussore
815 1718 1028 1765 obligentur
1053 1718 1206 1754 domino
1233 1717 1534 1754 vicecancellario
1561 1720 1650 1754 ante
1678 1717 1871 1754 admissio·

414 1790 499 1814 nem
525 1777 574 1814 ad
606 1777 825 1824 diligentem
851 1777 1130 1814 observantiam
1159 1777 1251 1814 dicti
1280 1777 1418 1814 statuti
1444 1781 1485 1813 et
1514 1779 1557 1813 vt
1588 1776 1655 1813 hec
1684 1776 1872 1812 concessio

414 1841 540 1873 vestra
569 1848 637 1884 pro
665 1839 812 1872 statuto
840 1835 1027 1872 habeatur
1054 1838 1094 1872 et
1122 1835 1224 1872 dicto
1252 1838 1400 1872 statuto
1427 1835 1639 1872 ascribatur
1663 1838 1702 1872 et
1727 1835 1871 1871 dictum

415 1899 605 1932 statutum
643 1895 849 1943 quotannis
884 1895 1029 1942 legatur
1061 1895 1100 1931 in
1133 1894 1359 1931 admissione
1392 1895 1625 1943 inceptorum
1654 1895 1693 1931 in
1727 1893 1874 1931 artibus

415 1958 651 2004 (Statutum1
677 1968 744 2004 pro
769 1956 1026 2004 disputatione
1050 1955 1317 2003 magistrorum
1342 1955 1380 1992 in
1406 1955 1643 2003 philosophia
1666 1955 1799 2002 mar-9.)

134 2014 159 2052 f·
186 2013 257 2052 lll
278 2013 303 2051 b
321 2018 550 2055 Conceditur
579 2019 623 2053 10
651 2017 675 2053 J
679 2017 758 2053 unii
787 2019 830 2053 vt
859 2019 985 2052 vestra
1016 2015 1244 2052 auctoritate
1276 2018 1471 2052 statuatur
1499 2026 1546 2051 ne
1573 2014 1660 2061 quis
1692 2014 1875 2062 prelector

416 2088 566 2113 annuus
607 2076 645 2111 in
687 2078 880 2123 posterum
921 2086 990 2110 sua
1022 2074 1102 2110 vice
1135 2074 1252 2110 alium
1292 2073 1535 2121 prelectorem
1573 2073 1672 2109 vltra
1704 2072 1872 2109 triduum

418 2136 629 2172 substituat
660 2135 733 2171 nisi
766 2134 920 2172 maioris
952 2134 1072 2181 partis
1104 2133 1224 2170 totius
1262 2133 1424 2169 Senatus
1463 2133 1687 2180 Regentium
1725 2135 1765 2168 et
1800 2143 1874 2168 non

420 2196 643 2243 Regentium
668 2194 894 2231 auctoritate
918 2192 1191 2229 interveniente
1214 2192 1286 2228 sub
1311 2204 1407 2240 pena
1432 2192 1496 2228 xls
1522 2192 1621 2228 inter
1645 2191 1875 2228 academiam

420 2256 679 2303 procuratores
702 2256 742 2289 et
766 2252 930 2290 bedellos
954 2250 1300 2288 distribuendorum

324 2314 552 2351 Conceditur
571 2316 615 2350 19
631 2312 655 2349 J
660 2312 740 2349 unii
758 2314 801 2348 vt
816 2323 947 2350 omnes
963 2309 1189 2358 pensionarii
1207 2312 1247 2346 et
1268 2309 1435 2346 extranei
1453 2309 1592 2357 quibus
1609 2309 1730 2356 gratia
1749 2308 1876 2356 aliqua

419 2373 467 2410 ad
495 2383 771 2420 quemcumque
799 2370 958 2418 gradum
986 2368 1267 2417 suscipiendum
1301 2369 1340 2405 in
1368 2368 1496 2416 aliquo
1522 2367 1675 2415 collegio
1703 2379 1877 2405 concessa

419 2433 472 2469 sit
489 2433 527 2468 in
544 2431 674 2468 eodem
691 2431 844 2479 collegio
861 2430 1049 2467 convivari
1067 2432 1270 2466 teneantur
1285 2432 1325 2465 et
1347 2440 1453 2476 pares
1470 2431 1647 2476 sumptus
1663 2439 1748 2464 cum
1765 2427 1876 2464 sociis

420 2496 459 2529 ct
488 2490 734 2539 lmnsionariis
761 2488 929 2527 eiusdem
958 2488 1102 2536 collegii
1132 2489 1170 2525 in
1200 2488 1314 2525 simili
1343 2499 1456 2524 causa
1482 2488 1607 2524 ferant
1635 2499 1702 2535 pro
1731 2486 1876 2523 ratione

419 2550 556 2597 gradun
584 2549 655 2587 sub
684 2561 780 2598 pena
807 2549 842 2597 vj
856 2548 882 2585 li
911 2548 1032 2586 eidem
1058 2548 1211 2595 collegio
1236 2546 1544 2596 applicandorum
1571 2547 1654 2594 (sic)
1678 2550 1717 2583 et
1742 2550 1784 2583 vt
1809 2546 1877 2583 hec

419 2610 608 2646 ‹miiccasio
633 2621 701 2658 pro
725 2611 872 2645 statuto
897 2607 1082 2645 habeatur

326 2669 554 2707 Conceditur
578 2672 624 2705 23
646 2668 752 2705 Junii
802 2668 898 2705 Cum
923 2667 1146 2715 compositio
1172 2666 1272 2703 inter
1295 2666 1582 2703 vniuersitatem
1607 2669 1647 2703 et
1671 2665 1878 2714 oppidanos

422 2730 522 2766 facta
550 2729 624 2765 iam
654 2727 799 2776 pridem
829 2727 937 2764 finita
965 2727 1097 2764 multis
1126 2730 1165 2764 et
1198 2726 1345 2774 magnis
1375 2725 1622 2763 incommodis
1646 2725 1876 2763 academiam

422 2789 560 2825 afliciat
588 2787 678 2824 dum
713 2786 860 2835 publice
890 2786 1013 2835 platee
1046 2786 1134 2823 fimo
1161 2788 1202 2823 et
1234 2784 1408 2823 sordibus
1436 2785 1586 2834 oppleto
1614 2785 1739 2822 iacent
1767 2787 1806 2822 et
1838 2784 1878 2821 in

453 2900 462 2921 ¹
488 2900 628 2933 Statum
644 2898 679 2931 01
696 2897 777 2931 Feb.
797 2899 849 2938 11,
872 2898 967 2931 1641.
1015 2896 1159 2931 Printed
1177 2897 1213 2930 in
1230 2896 1289 2930 the
1305 2898 1447 2931 Statum
1463 2897 1500 2930 01
1517 2897 1615 2936 1786,
1633 2906 1666 2939 p.
1686 2897 1759 2930 119.
