1976 3276
187 193 406 250 1568-69]
769 206 919 238 GRAcn
950 205 1074 238 BooK
1105 206 1135 237 Δ
1646 198 1731 242 229

185 305 411 343 Conceditur
439 310 483 343 10
510 307 726 344 Decembris
749 311 792 344 vt
813 307 998 344 terminus
1024 307 1204 343 hodierno
1228 307 1289 343 die
1313 307 1543 345 dissolvatur
1566 321 1643 346 non
1667 309 1730 344 ob-

275 370 402 402 stante
418 370 565 403 statuto
582 368 637 403 ita
653 370 780 403 tamen
797 371 840 403 vt
856 366 1134 414 disputationes
1149 366 1321 402 habende
1334 367 1504 413 proxima
1516 369 1730 415 septimana

274 437 342 472 pro
358 426 498 463 habitis
514 431 738 464 censeantur
753 426 878 474 quoad
895 427 1096 473 magistros
1111 427 1177 473 qui
1194 426 1438 473 disputarent

181 482 410 520 Conceditur
431 485 563 522 eodem
584 490 627 522 vt
649 486 830 532 magister
852 485 996 521 Gulson
1018 485 1070 520 sit
1092 497 1191 521 vnus
1211 485 1411 521 custodum
1434 486 1528 522 ciste
1553 486 1727 534 Byllyng-

275 543 376 578 forth
409 547 448 579 et
481 544 631 580 Bowcer
664 545 743 581 vice
775 543 946 590 magistri
981 543 1118 590 Taylor
1149 543 1239 590 quia
1272 543 1372 580 idem
1404 547 1536 581 contra
1568 545 1727 581 formam

273 605 505 639 statutorum
529 604 671 640 electus
694 607 754 639 est
777 602 824 639 ad
849 602 1060 638 custodiam
1085 602 1253 638 eiusdem

179 659 406 697 Conceditur
420 664 464 697 18
478 661 672 698 Februarii
686 666 728 698 vt
741 662 919 708 magister
933 660 1093 696 Randall
1106 661 1227 708 possit
1242 661 1396 699 admitti
1409 662 1456 698 ad
1471 662 1726 710 incipiendum

273 719 311 754 in
323 719 409 766 jure
428 721 529 756 civili
547 733 622 757 non
644 720 819 756 obstante
839 720 939 767 quod
962 720 1111 756 vnicam
1134 723 1287 756 tantum
1310 722 1495 768 peregerit
1518 722 1726 769 responsio-

272 790 358 814 nem
375 779 430 815 ita
446 782 573 815 tamen
591 783 633 815 vt
649 779 808 815 alteram
825 770 985 826 peragat
996 779 1035 814 in
1053 779 1123 814 hoc
1141 779 1304 815 termino
1353 780 1498 816 Deinde
1521 781 1574 816 4t0
1597 781 1727 817 Martii

272 839 488 875 conceditur
512 843 554 875 vt
576 840 768 886 responsio
785 839 954 886 magistri
972 839 993 874 J
998 839 1158 874 ohannis
1176 838 1338 875 Randall
1356 839 1425 875 hoc
1442 841 1605 876 termino
1621 852 1726 888 pera·

270 898 390 944 genda
413 899 446 934 si
471 911 546 934 non
573 902 727 945 peragat
753 899 843 945 quia
869 898 1064 934 commode
1091 898 1170 934 fieri
1196 910 1271 935 non
1298 902 1425 945 potest
1459 900 1526 935 fiat
1556 900 1726 947 proximo

271 957 433 992 termino
449 961 539 994 ante
554 959 708 994 comitia
724 958 783 994 vel
801 958 927 1005 potius
944 958 983 993 in
1002 958 1181 1004 vesperiis
1198 958 1435 994 comitiorum
1459 960 1490 994 si
1515 971 1590 995 non
1613 960 1727 996 fuerit

271 1015 368 1051 alius
394 1016 564 1063 inceptor
588 1017 627 1052 in
651 1017 731 1052 iure
755 1016 855 1052 civili
881 1016 952 1052 sub
977 1028 1074 1063 pena
1099 1028 1147 1051 os
1173 1017 1346 1063 ponenda
1375 1017 1412 1053 in
1442 1018 1617 1054 manibus
1644 1031 1726 1066 pro-

270 1077 485 1110 curatorum
536 1075 729 1110 Postremo
757 1074 976 1110 conceditur
1005 1077 1043 1110 2⁰
1067 1074 1089 1109 J
1094 1075 1160 1110 ulii
1191 1078 1233 1110 vt
1261 1075 1441 1111 admissio
1470 1078 1640 1123 magistri
1667 1077 1724 1113 J0.

272 1133 431 1170 Randall
457 1134 508 1170 sit
537 1134 571 1170 ei
601 1146 668 1182 pro
693 1134 890 1180 completis
915 1133 1034 1180 gradu
1058 1136 1097 1169 et
1122 1134 1243 1170 forma
1267 1134 1368 1180 quod
1393 1135 1474 1170 sine
1500 1147 1634 1182 magno
1658 1149 1727 1172 suo

269 1191 497 1228 detrimento
519 1193 683 1228 comitiis
703 1193 884 1229 interesse
907 1205 981 1228 non
1005 1196 1131 1239 potest
1155 1193 1209 1228 ita
1230 1196 1359 1229 tamen
1382 1194 1483 1240 quod
1506 1196 1727 1231 convivetur

269 1262 337 1286 nec
361 1251 474 1287 aliam
499 1252 661 1287 retineat
685 1251 945 1287 senioritatem
969 1263 1085 1298 quam
1111 1254 1220 1298 pater
1244 1252 1454 1298 assignabit
1480 1253 1518 1288 in
1545 1255 1726 1300 proximis

269 1310 432 1345 comitiis

174 1367 401 1404 Conceditur
433 1372 479 1404 28
512 1369 683 1405 Januarii
725 1369 904 1415 quoniam
942 1368 1023 1404 dies
1054 1369 1103 1405 ad
1136 1369 1415 1416 disputationes
1448 1370 1726 1418 philosophicas

267 1428 447 1474 assignati
466 1428 717 1464 bachalauriis
734 1427 942 1474 incepturis
959 1439 1035 1462 non
1052 1428 1247 1464 sufficiunt
1265 1432 1306 1464 vt
1323 1440 1454 1464 omnes
1471 1429 1551 1465 dies
1569 1431 1724 1476 profesti

267 1498 335 1533 pro
351 1486 644 1533 disputabilibus
661 1489 884 1522 censeantur

174 1545 401 1581 Conceditur
419 1549 463 1582 13
482 1546 573 1581 Maii
598 1546 776 1592 magistro
801 1545 965 1581 Roberto
990 1546 1138 1582 Norton
1159 1551 1202 1582 vt
1225 1547 1345 1593 possit
1367 1546 1521 1583 admitti
1543 1548 1724 1584 hodierno

268 1605 328 1640 die
358 1617 433 1641 non
459 1605 634 1642 obstante
659 1605 760 1652 quod
785 1617 860 1641 non
885 1606 1070 1652 peregerit
1094 1618 1305 1642 sermonem
1331 1618 1442 1642 suum
1467 1607 1516 1643 ad
1541 1608 1723 1655 populum

267 1665 446 1710 quoniam
463 1668 683 1713 peracturus
699 1669 758 1701 est
774 1665 935 1701 eundem
952 1665 1013 1701 die
1029 1666 1218 1702 dominica
1241 1666 1411 1712 proxima
1433 1666 1506 1701 sub
1527 1678 1625 1713 pena
1647 1680 1724 1702 xxs

267 1724 440 1770 ponenda
462 1725 501 1760 in
520 1725 696 1760 manibus
721 1727 1005 1771 procuratorum
1030 1728 1119 1760 ante
1139 1725 1221 1760 eius
1241 1725 1508 1762 admissionem
1564 1727 1723 1773 (peregit

267 1783 393 1819 omnia
409 1785 541 1831 mary.)

173 1841 314 1878 Eadem
347 1843 469 1889 gratia
501 1843 718 1878 conceditur
751 1843 880 1878 eodem
915 1843 1095 1890 magistro
1125 1844 1277 1890 Hugoni
1308 1844 1501 1881 Castelton
1563 1846 1722 1892 (peregit

267 1902 394 1937 omnia
420 1902 553 1949 marq.)

172 1959 399 1996 Conceditur
425 1963 447 1996 3
473 1960 579 1996 Junii
609 1961 788 2007 magistro
817 1961 874 1998 Jo.
907 1961 1060 1997 Walker
1086 1966 1129 1997 vt
1158 1963 1279 2008 possit
1306 1963 1460 1999 admitti
1487 1963 1535 1999 ad
1562 1963 1718 2010 gradum

264 2019 481 2055 doctoratus
514 2019 553 2055 in
586 2020 773 2066 theologia
806 2020 985 2056 hodierno
1018 2021 1079 2056 die
1109 2033 1184 2057 non
1213 2021 1391 2058 obstante
1419 2023 1521 2069 quod
1552 2024 1719 2059 nondum

267 2078 448 2124 peregerit
469 2078 746 2125 responsionem
771 2082 810 2114 et
833 2079 1088 2126 oppositiones
1137 2080 1200 2116 Ita
1223 2084 1350 2116 tamen
1376 2085 1418 2117 vt
1440 2083 1718 2129 responsionem

266 2140 418 2183 peragat
441 2140 531 2172 ante
555 2138 709 2172 comitia
735 2138 904 2183 proxima
928 2140 967 2173 et
992 2138 1136 2184 reliqua
1160 2139 1339 2174 exercitia
1363 2140 1463 2175 infra
1486 2152 1629 2176 annum
1654 2153 1721 2176 sue

265 2255 411 2291 ceditur
426 2255 547 2291 eidem
564 2258 606 2291 vt
623 2255 810 2302 oppositio
827 2255 875 2292 ad
893 2267 1007 2302 quam
1025 2259 1177 2292 tenetur
1193 2257 1338 2292 ratione
1350 2257 1489 2303 gradus
1501 2258 1558 2293 sui
1575 2259 1721 2304 possint

265 2313 351 2362 [sic]
367 2315 533 2351 converti
550 2315 588 2351 in
606 2327 670 2350 sex
686 2327 876 2351 sermones
892 2315 939 2351 ad
957 2315 1138 2362 populum
1188 2316 1348 2363 (peregit
1364 2318 1492 2352 omnia
1508 2319 1641 2365 marq.)

171 2371 397 2408 Conceditur
413 2375 451 2408 3⁰
466 2373 490 2408 J
494 2373 573 2408 unii
591 2373 769 2419 magistro
788 2373 951 2409 Roberto
968 2374 1098 2409 Tower
1111 2378 1154 2410 vt
1166 2375 1286 2421 possit
1299 2375 1479 2411 hodierno
1491 2376 1552 2412 die
1565 2376 1719 2412 admitti
1740 2377 1764 2415 f.
1789 2377 1839 2415 99
1855 2391 1879 2415 a

266 2442 340 2466 non
363 2430 538 2467 obstante
559 2433 660 2478 quod
683 2431 851 2468 nondum
873 2432 1058 2479 peregerit
1079 2433 1359 2479 responsionem
1382 2446 1491 2469 suam
1515 2435 1570 2469 ita
1592 2438 1720 2470 tamen

266 2492 309 2525 vt
324 2490 480 2526 eandem
498 2493 650 2537 peragat
666 2491 764 2527 infra
780 2503 922 2527 annum
939 2503 1006 2527 sue
1022 2492 1263 2527 admissionis
1276 2492 1347 2528 sub
1361 2504 1457 2539 pena
1470 2494 1506 2529 xl
1517 2506 1535 2529 s
1548 2495 1721 2540 ponenda

265 2548 305 2584 in
337 2548 512 2585 manibus
539 2554 825 2596 procuratorum
854 2554 944 2586 ante
969 2550 1050 2586 eius
1082 2550 1354 2587 admissionem
1404 2553 1563 2599 (peregit
1592 2554 1720 2589 omnia

265 2609 399 2656 marg.)

173 2666 398 2703 Conceditur
423 2669 464 2704 17
488 2667 511 2703 J
514 2667 594 2703 unii
616 2670 660 2704 vt
681 2668 936 2715 oppositiones
962 2668 1010 2704 ad
1033 2680 1127 2715 quas
1149 2672 1302 2705 tenetur
1324 2670 1503 2716 magister
1526 2670 1718 2707 Galfridus

265 2725 434 2761 Johnson
447 2725 592 2761 ratione
601 2725 739 2771 gradus
756 2726 815 2761 sui
833 2726 980 2773 possint
989 2727 1129 2762 mutari
1143 2727 1183 2762 in
1196 2738 1259 2762 sex
1270 2739 1461 2763 sermones
1473 2728 1520 2764 ad
1534 2729 1716 2775 populum

171 2783 397 2820 Conceditur
430 2787 466 2820 1⁰
498 2784 521 2820 J
525 2784 591 2820 ulii
624 2788 667 2821 vt
698 2785 878 2831 magister
906 2786 1117 2822 Willelmus
1147 2786 1342 2834 Harryson
1377 2799 1497 2834 nuper
1529 2779 1718 2824 admissus

265 2843 531 2880 bachalaureus
555 2844 595 2880 in
620 2844 806 2891 theologia
829 2845 881 2880 sit
905 2845 966 2880 hic
990 2845 1037 2881 de
1061 2846 1201 2892 gremio
1225 2846 1324 2882 sicut
1349 2847 1423 2882 suit
1449 2848 1487 2883 in
1514 2848 1716 2884 Oxoniensi

263 2901 454 2938 academia
