2008 3294
330 171 414 213 284
911 182 1064 214 omos
1094 182 1218 213 BocK
1250 183 1279 214 Δ
1663 170 1883 227 [1574-75

327 286 557 322 Conceditur
573 289 618 321 25
636 286 658 321 J
661 286 807 321 anuarii
822 290 864 321 vt
880 284 1050 331 magistri
1063 284 1086 320 J
1090 296 1121 321 0.
1134 284 1254 331 Cragg
1271 286 1310 319 et
1329 284 1448 319 Lucas
1462 284 1612 331 Gylpyn
1627 287 1884 330 procuratores

421 348 460 380 et
474 344 668 380 Mattheus
681 344 821 390 Stokys
833 343 1001 379 bodellus
1014 343 1094 378 sint
1107 343 1222 379 vestri
1235 343 1422 379 atturnati
1435 343 1666 390 conjunctim
1680 345 1719 378 et
1732 342 1883 378 divisim

421 415 488 450 per
504 403 632 439 literas
645 406 789 439 vestras
806 402 877 438 sub
894 402 1014 448 sigillo
1033 405 1156 437 vestro
1172 402 1362 437 communi
1380 402 1580 438 constituti
1597 401 1645 437 ad
1663 400 1883 437 intrandum

422 466 461 498 et
484 461 738 509 recipiendum
757 461 836 497 vice
858 465 898 496 et
920 461 1071 496 nomine
1088 464 1213 496 vestro
1236 461 1506 507 possessionem
1530 460 1708 496 seisinam
1731 464 1829 496 terre
1845 462 1884 496 et

422 522 545 568 platee
563 525 692 558 vocate
714 522 780 557 the
795 522 1015 558 vniuersitie
1038 523 1156 556 streat
1180 521 1255 556 iam
1273 520 1362 556 date
1379 520 1484 556 vobis
1504 523 1544 556 et
1561 519 1800 556 vniuersitati
1817 531 1884 566 per

421 580 775 616 reuerendissimum
791 580 987 615 dominum
1007 579 1221 615 Mattheum
1239 579 1560 625 archiepiscopum
1574 578 1883 614 Cantuariensem

421 644 460 675 et
494 640 716 686 magistrum
745 639 888 685 collegii
918 638 1094 685 Corporis
1123 639 1267 674 Christi
1300 641 1339 674 et
1371 638 1479 674 beate
1513 638 1631 673 Marie
1660 637 1816 684 virginis
1845 637 1881 672 in

421 699 662 745 Cantebrigia
686 702 726 734 et
751 693 870 734 socios
894 698 1060 734 eiusdem
1087 698 1230 744 collegii

327 758 554 794 Conceditur
567 762 589 794 4
604 758 796 794 Februarii
811 762 852 794 vt
865 758 1041 794 dominus
1054 758 1378 794 vicecancellarius
1390 762 1429 793 et
1443 760 1701 805 procuratores
1716 756 1882 793 moderni

421 817 500 852 sint
517 817 632 853 vestri
649 817 836 852 atturnati
854 829 920 864 per
936 817 1065 853 literas
1081 817 1203 863 sigillo
1220 819 1344 852 vestro
1361 818 1550 853 communi
1568 817 1751 863 sigillatas
1767 816 1881 862 assig—

423 876 501 911 nati
532 875 579 911 ad
610 875 814 922 petendum
844 875 1045 911 levandum
1073 879 1112 911 et
1137 875 1385 922 colligendum
1411 876 1642 923 conjunctim
1669 878 1708 911 et
1731 875 1882 911 divisim

420 946 550 970 omnes
589 941 628 970 et
665 934 832 980 singulas
866 934 1109 981 pecuniarum
1142 946 1311 970 summas
1339 933 1487 970 debitas
1520 934 1710 970 academie
1742 937 1781 969 et
1809 934 1883 969 alia

421 1005 643 1040 quecunque
680 993 802 1029 eidem
835 994 1026 1030 academie
1059 994 1288 1041 pertinentia
1324 999 1363 1030 et
1400 994 1529 1030 debita
1567 997 1606 1030 et
1643 994 1797 1041 insuper
1834 993 1883 1030 ad

421 1053 720 1101 componendum
737 1057 776 1088 et
794 1053 1078 1100 transigendum
1093 1054 1140 1100 (si
1159 1053 1269 1090 modo
1286 1053 1525 1090 commodum
1543 1054 1743 1090 honestum
1761 1056 1800 1089 et
1816 1065 1883 1100 pro

421 1113 560 1148 honore
593 1112 783 1148 academie
815 1113 892 1148 sore
925 1112 1072 1149 duobus
1100 1112 1354 1160 predictorum
1383 1115 1666 1149 atturnatorum
1696 1111 1883 1148 videbitur

421 1184 582 1219 quorum
612 1184 709 1207 vnus
741 1172 793 1207 sit
822 1172 1160 1218 vicecancellarius)
1188 1171 1316 1218 aliquo
1345 1171 1502 1208 honesto
1531 1171 1642 1208 modo
1666 1184 1752 1208 cum
1781 1170 1882 1208 debi-

421 1231 568 1267 toribus
584 1234 623 1267 et
640 1243 751 1278 super
765 1231 924 1278 receptis
940 1235 1008 1266 aut
1024 1231 1278 1266 transactione
1295 1231 1571 1278 acquietanzias
1584 1231 1664 1267 vice
1680 1233 1719 1266 et
1732 1230 1883 1266 nomine

424 1294 546 1327 vestro
565 1290 710 1326 dandas
731 1293 771 1326 et
786 1289 1047 1326 deliberandas
1063 1292 1102 1325 et
1118 1293 1242 1326 cetera
1259 1290 1385 1326 omnia
1401 1294 1441 1326 et
1457 1290 1604 1337 singula
1623 1289 1793 1326 facienda
1809 1301 1883 1337 que

422 1351 462 1387 in
479 1350 546 1386 tali
565 1349 716 1396 negocio
732 1352 823 1385 sunt
840 1349 1048 1385 necessaria
1065 1351 1103 1384 et
1119 1351 1330 1396 opportuna
1346 1352 1385 1385 et
1398 1351 1440 1385 vt
1457 1361 1617 1396 expense
1634 1349 1673 1384 in
1690 1348 1884 1396 premissis

422 1410 519 1446 facte
536 1409 611 1445 illis
627 1409 834 1445 allocentur
851 1420 918 1455 per
933 1408 1125 1444 auditores
1141 1409 1234 1444 ciste
1251 1409 1463 1444 communis
1478 1408 1673 1454 sequentis
1688 1407 1778 1444 anni

329 1469 557 1506 Conceditur
581 1472 603 1504 4
629 1467 823 1505 Februarii
849 1468 1029 1514 magistro
1055 1466 1215 1503 Ricardo
1240 1467 1377 1514 Smyth
1403 1467 1442 1502 in
1467 1466 1614 1503 artibus
1639 1467 1818 1514 magistro
1842 1469 1884 1503 vt

422 1529 474 1565 sit
491 1540 588 1564 vnus
603 1540 648 1564 ex
667 1530 711 1564 12
728 1526 1026 1575 predicatoribus
1048 1526 1118 1562 hoc
1139 1527 1304 1573 presenti
1327 1538 1426 1562 anno
1443 1538 1509 1573 per
1525 1526 1756 1562 academiam
1773 1525 1882 1562 emit-

422 1587 548 1624 tendis
574 1588 627 1623 sic
652 1590 695 1622 vt
722 1598 836 1633 super
863 1586 933 1622 hac
958 1589 1085 1622 vestra
1113 1586 1350 1622 concessione
1379 1585 1509 1622 literas
1537 1585 1675 1622 habeat
1700 1585 1883 1633 sigillatas

423 1646 545 1694 sigillo
568 1649 693 1682 vestro
718 1645 909 1682 communi

330 1706 470 1742 Eadem
495 1706 617 1753 gratia
641 1703 858 1741 conceditur
882 1706 898 1739 1
924 1704 947 1739 J
951 1703 1031 1739 unii
1054 1703 1111 1739 J0.
1139 1703 1293 1739 Browne
1320 1703 1444 1750 Regal.
1469 1704 1508 1739 in
1533 1702 1680 1739 artibus
1703 1703 1883 1751 magistro

426 1769 471 1802 10
487 1766 510 1802 J
514 1766 594 1802 unii
619 1764 813 1812 Rodolphc
830 1764 853 1800 J
856 1776 946 1800 ones
970 1764 1096 1810 Regin.
1118 1764 1156 1799 in
1173 1763 1321 1799 artibus
1338 1763 1518 1810 magistro
1568 1766 1605 1798 2ο
1621 1762 1644 1797 J
1649 1762 1713 1798 ulii
1732 1762 1882 1798 Andree

426 1826 543 1861 Perne
567 1836 670 1860 sacre
697 1823 880 1870 theologie
909 1823 1107 1870 professori
1139 1822 1320 1858 Maurisio
1349 1822 1548 1857 Fawconer
1572 1833 1675 1857 sacre
1701 1820 1883 1867 theologie

422 1882 690 1918 bacchalaureo
739 1884 778 1919 7⁰
793 1881 815 1916 J
822 1881 887 1917 ulii
911 1881 933 1916 J
938 1893 969 1917 0.
990 1880 1145 1927 Bridges
1167 1882 1206 1915 et
1231 1879 1394 1915 R-cbertc
1413 1879 1558 1915 Nortcn
1577 1891 1680 1915 sacre
1698 1878 1882 1925 theologie

423 1941 695 1989 professoribus
745 1941 795 1976 Et
818 1944 856 1976 2ο
878 1940 971 1976 Julii
995 1940 1102 1976 litere
1124 1943 1236 1975 antea
1261 1951 1434 1975 concesse
1457 1939 1520 1975 W⁰
1542 1938 1757 1975 Chaderton
1779 1950 1882 1974 sacre

422 2000 605 2046 theologie
622 1999 821 2047 professori
839 2001 1070 2034 renovantur
1119 2001 1156 2034 2⁰
1172 1998 1193 2033 J
1199 1998 1265 2034 ulii
1286 1997 1465 2034 Maurisio
1485 1997 1682 2033 Fawconer
1699 1997 1882 2044 theologie

422 2060 688 2096 luwchalaureo
706 2059 813 2094 litere
830 2057 1086 2094 conceduntur

132 2122 159 2160 f.
188 2122 261 2160 116
282 2121 308 2160 b
326 2120 554 2156 Conceditur
585 2122 620 2155 l⁰
650 2118 841 2155 Februarii
877 2117 1034 2164 Georgio
1062 2117 1220 2165 Jernlyu
1258 2117 1424 2163 Reginali
1455 2117 1493 2152 in
1527 2116 1672 2153 artibus
1703 2118 1881 2164 magistro

424 2184 465 2216 vt
488 2178 626 2215 habeat
651 2178 779 2215 literas
803 2181 947 2214 vestras
972 2176 1245 2213 testimoniales
1269 2176 1407 2224 gradus
1431 2179 1470 2213 et
1494 2176 1792 2213 conversacionis
1815 2188 1882 2213 sue

420 2238 603 2285 sigillatas
627 2237 749 2285 sigillo
775 2241 899 2273 vestro
924 2236 1113 2272 conuuuni

326 2298 466 2335 Eadem
501 2298 623 2345 gratia
655 2296 874 2333 conceditur
906 2296 1071 2332 Johanni
1112 2295 1271 2343 Bradley
1309 2295 1407 2331 Petri
1446 2295 1484 2331 in
1519 2294 1667 2331 artibus
1702 2295 1881 2342 magistro

419 2358 549 2394 eodem
573 2357 634 2394 die
684 2357 735 2393 Et
760 2360 806 2393 20
831 2356 921 2393 Maii
951 2356 1115 2392 ilenrico
1140 2355 1321 2403 Wayland
1346 2358 1384 2391 et
1414 2355 1576 2391 Roberto
1599 2354 1717 2391 Jacob
1740 2355 1815 2391 Tri.
1841 2355 1878 2390 in

419 2417 566 2454 artibus
590 2417 781 2464 magistris
830 2416 880 2452 Et
904 2419 966 2452 22⁰
984 2416 1126 2463 Aprilis
1152 2415 1212 2451 W⁰
1236 2415 1370 2462 Lcwyn
1396 2415 1433 2451 in
1458 2414 1604 2451 artibus
1628 2415 1808 2462 magistro

326 2482 371 2515 23
397 2477 539 2525 Aprilis
567 2477 811 2524 dislmnsatur
839 2488 925 2513 cuni
952 2476 1106 2512 domiuo
1138 2475 1340 2523 l'ilkynton
1370 2475 1417 2511 de
1447 2475 1666 2511 visitacionc
1694 2486 1763 2510 sua
1791 2474 1881 2522 quia

422 2548 494 2572 non
523 2538 648 2583 potest
673 2536 755 2572 sinc
780 2534 1003 2571 offendiculo
1028 2537 1067 2571 ct
1093 2534 1256 2581 periculo
1281 2535 1405 2569 vestro
1429 2533 1582 2569 visitare
1604 2532 1770 2579 singulos
1793 2543 1878 2569 cum

419 2598 471 2633 sit
494 2600 534 2632 et
559 2597 672 2633 suerit
702 2595 886 2643 lun-ochus
917 2594 1072 2631 ecclesie
1099 2598 1230 2631 sancte
1259 2593 1460 2630 Trinitatis
1487 2593 1548 2629 vbi
1575 2593 1693 2640 pestis
1718 2593 1880 2628 maxime

419 2654 662 2702 grimilmtur

325 2715 551 2751 Conceditur
573 2718 595 2750 (5
622 2714 710 2750 Maii
735 2724 819 2750 cum
846 2717 1104 2760 procuratores
1127 2714 1166 2749 ct
1187 2714 1418 2748 scrutatores
1439 2722 1526 2759 sepo
1552 2713 1703 2758 proptor
1727 2710 1880 2757 negocia

419 2787 488 2810 κιιιι
506 2773 653 2821 privata
665 2772 795 2808 almuse
808 2775 990 2819 ‹uigantur
1001 2784 1025 2807 a
1037 2770 1389 2818 congregacionibus
1405 2774 1444 2806 ct
1461 2770 1545 2806 aliis
1562 2769 1722 2817 publicis
1740 2769 1880 2805 muniis

419 2833 608 2869 nmulemic
633 2836 671 2868 vt
695 2842 823 2868 mrum
847 2829 1046 2867 siilmtituti
1071 2833 1111 2866 ct
1134 2830 1260 2866 vicarii
1289 2829 1526 2866 iureiurando
1548 2828 1810 2876 astringantur
1831 2826 1879 2864 ad

422 2891 515 2928 lasne
542 2895 582 2927 ct
612 2889 771 2927 fideliter
803 2888 1054 2937 lusi-agendum
1084 2900 1211 2926 corum
1241 2888 1403 2925 officium
1433 2892 1637 2935 antequmu
1666 2886 1810 2935 aliquid
1838 2887 1878 2924 in

421 2951 611 2999 premissis
637 2952 868 2998 pertmcient
