2008 3216
339 169 423 210 132
921 179 1073 210 GRAcE
1106 179 1227 210 BOOK
1261 180 1291 210 Δ
1668 168 1890 224 [1558-59

431 281 577 317 dictum
594 282 818 328 magistrum
836 282 958 318 Meres
974 284 1014 317 et
1030 281 1316 318 vniuersitatem
1339 283 1430 328 quia
1448 282 1692 318 reddiderunt
1707 282 1892 317 rationem

433 340 668 376 auditoribus
684 341 791 376 iuxta
806 341 967 386 gratiam
983 341 1089 387 prius
1105 351 1319 376 concessam

339 398 568 436 Conceditur
599 402 642 435 15
676 399 820 446 Aprilis
849 401 892 434 vt
920 399 1152 445 dispensatio
1180 399 1422 445 pretermissa
1448 399 1488 434 in
1512 399 1573 434 die
1597 399 1704 435 Jovis
1728 398 1895 445 proxime

434 459 561 506 elapso
578 462 732 506 propter
751 459 954 494 solemnem
973 458 1182 505 generalem
1199 459 1475 505 processionem
1497 459 1627 495 eodem
1649 458 1710 494 die
1726 458 1896 494 habitam

436 521 618 563 tanquam
645 517 746 552 facta
770 520 969 552 censeatur
993 520 1072 552 tam
1099 516 1223 563 quoad
1247 517 1471 563 magistrum
1495 517 1752 564 disputantem
1781 528 1896 563 quam

435 577 560 622 quoad
577 576 741 612 bedellos

342 635 569 671 Conceditur
585 637 624 670 9⁰
642 635 733 670 Maii
751 638 793 669 vt
810 635 1041 680 presentatio
1058 634 1200 670 domini
1219 635 1367 670 Turner
1383 634 1431 670 ad
1449 636 1625 671 vicariam
1643 635 1690 671 de
1707 634 1896 681 Campsall

436 693 558 740 possit
573 693 729 740 sigillari
746 693 869 740 sigillo
886 693 1076 728 communi

342 753 570 789 Conceditur
598 756 645 789 20
672 753 696 788 J
699 753 779 788 unii
809 756 851 788 vt
882 752 1035 788 comitia
1068 753 1199 788 futura
1227 753 1343 788 tercio
1369 753 1431 789 die
1459 753 1483 789 J
1486 753 1553 789 ulii
1582 754 1750 800 proxime
1777 753 1896 789 futuri

437 812 585 858 possint
600 811 740 847 differri
761 812 800 847 in
817 811 1006 848 decimum
1023 811 1190 847 eiusdem
1208 815 1362 859 propter
1377 812 1589 849 absentiam
1605 813 1897 849 clarissimorum

438 871 604 907 virorum
627 871 694 918 qui
718 874 808 907 ante
830 883 916 907 eum
939 871 1038 907 diem
1063 871 1193 906 adesse
1216 883 1292 907 non
1314 874 1475 918 possunt
1495 873 1551 908 ita
1567 875 1694 908 tamen
1711 875 1754 908 vt
1770 883 1900 907 omnes

438 930 519 966 dies
551 942 574 965 a
606 930 708 966 dicto
741 930 802 966 die
835 932 874 965 3⁰
906 930 984 965 sint
1017 929 1266 976 disputabiles
1299 933 1338 966 et
1370 930 1544 977 legibiles
1568 929 1616 967 ad
1648 931 1831 977 placitum
1860 933 1900 966 et

439 990 675 1026 voluntatem
701 990 966 1036 magistrorum
991 989 1271 1036 disputantium
1297 993 1335 1026 et
1359 990 1564 1037 legentium

345 1050 573 1086 Conceditur
589 1051 611 1085 8
628 1049 652 1085 J
655 1049 723 1085 ulii
736 1052 778 1085 vt
794 1049 1020 1086 testificetur
1034 1049 1106 1085 sub
1122 1050 1244 1096 sigillo
1260 1051 1450 1086 communi
1467 1050 1630 1086 dominis
1641 1049 1901 1086 visitatoribus

440 1108 660 1145 citationem
692 1108 883 1155 publicam
912 1108 1062 1144 affixam
1093 1120 1173 1144 esse
1203 1108 1322 1145 valvis
1353 1109 1589 1156 publicarum
1621 1109 1832 1145 scholarum
1862 1111 1901 1144 et

441 1166 594 1203 ecclesie
617 1166 727 1203 beate
752 1167 873 1202 Marie
897 1167 1004 1203 iuxta
1027 1167 1151 1202 forum
1177 1169 1222 1202 25
1248 1167 1272 1202 J
1275 1167 1355 1202 unii
1381 1168 1548 1214 proxime
1572 1168 1742 1215 preteriti

798 1430 1115 1486 [Praeticantes
1146 1431 1192 1473 in
1223 1430 1459 1487 medicina]

350 1542 578 1579 Conceditur
601 1545 624 1578 8
650 1541 868 1578 Decembris
893 1542 1075 1588 magistro
1098 1543 1122 1579 J
1125 1554 1157 1578 o.
1185 1542 1324 1590 Stokys
1348 1543 1395 1578 de
1419 1542 1506 1578 aula
1530 1542 1637 1579 Clare
1662 1546 1704 1578 vt
1732 1543 1903 1580 studium

446 1605 467 1639 7
499 1613 684 1638 annorum
717 1602 757 1637 in
786 1601 972 1637 medicina
999 1601 1162 1637 sufficiat
1190 1602 1224 1637 ei
1253 1601 1300 1638 ad
1328 1601 1611 1648 practicandum
1639 1602 1679 1638 in
1707 1602 1838 1639 eadem
1866 1605 1906 1639 et

445 1673 558 1708 super
582 1660 652 1696 hac
671 1663 798 1696 vestra
821 1660 1060 1696 concessione
1084 1660 1214 1697 literas
1238 1660 1376 1696 habeat
1401 1663 1546 1697 vestras
1569 1661 1690 1708 sigillo
1714 1663 1904 1699 communi

446 1721 663 1767 obsignatas

352 1781 496 1817 Similis
519 1780 641 1826 gratia
664 1779 882 1815 conceditur
906 1783 929 1815 9
955 1779 1046 1815 Maii
1073 1780 1252 1826 magistro
1278 1781 1428 1828 Lorkyn
1454 1785 1492 1817 et
1517 1781 1696 1828 magistro
1723 1782 1795 1818 Lee
1818 1794 1904 1819 cum

446 1839 574 1875 studio
590 1851 654 1875 sex
671 1850 856 1874 annorum
907 1842 928 1874 5
945 1839 968 1874 J
972 1839 1051 1875 unii
1072 1840 1249 1886 magistro
1266 1840 1401 1876 Cowell
1418 1852 1504 1876 cum
1522 1840 1648 1877 studio
1666 1845 1687 1876 5
1703 1853 1888 1878 annorum

353 1940 408 1976 Yt
425 1940 457 1975 is
473 1937 656 1985 graunted
676 1940 720 1973 19
737 1938 832 1984 Aug.
852 1941 893 1974 to
907 1938 962 1974 Μ’
974 1938 1116 1984 George
1133 1938 1337 1974 Ackworth
1354 1938 1552 1975 thoratour
1569 1942 1608 1975 to
1625 1939 1720 1976 have
1730 1940 1790 1976 his
1802 1940 1906 1977 office

449 1998 488 2034 in
517 2009 559 2034 as
587 1997 712 2044 ample
740 2009 897 2033 manner
920 2009 962 2033 as
987 1997 1019 2033 it
1045 1997 1136 2033 hath
1168 1996 1260 2033 been
1285 1998 1470 2044 graunted
1499 2001 1540 2034 to
1569 2011 1643 2046 any
1669 1999 1710 2035 of
1736 2000 1795 2035 his
1824 2011 1905 2047 pre-

449 2056 665 2093 decessours
689 2056 728 2092 in
754 2055 840 2092 that
865 2055 969 2092 office

195 2352 220 2392 f.
244 2352 295 2391 53
316 2365 341 2391 a
844 2347 1151 2392 Bacchalaurei
1181 2348 1226 2391 in
1257 2348 1426 2393 artibus

358 2468 587 2506 Conceditur
603 2470 650 2506 20
665 2468 838 2506 Januarii
856 2468 1039 2506 Nioholao
1063 2469 1195 2506 Butler
1210 2471 1251 2507 vt
1272 2472 1315 2507 12
1338 2471 1490 2508 termini
1508 2472 1547 2508 in
1569 2471 1708 2519 quibus
1731 2473 1910 2511 lectiones

453 2526 660 2563 ordinarias
684 2525 833 2563 audiuit
857 2526 945 2563 licet
970 2538 1044 2562 non
1070 2527 1224 2564 omnino
1245 2528 1450 2566 secundum
1476 2530 1636 2566 formam
1661 2532 1797 2568 statuti
1823 2543 1908 2569 cum

452 2584 753 2633 oppositionibus
781 2589 820 2622 et
850 2585 1155 2634 responsionibus
1187 2587 1380 2635 requisitis
1407 2588 1596 2626 sufficiant
1620 2589 1655 2626 ei
1683 2590 1731 2627 ad
1759 2602 1909 2640 respon-

453 2643 618 2681 dendum
643 2644 832 2693 questioni

361 2702 502 2741 Eadem
540 2703 662 2751 gratia
693 2702 911 2740 conceditur
949 2702 996 2740 de
1030 2702 1143 2740 verbo
1177 2704 1217 2741 in
1254 2704 1411 2743 verbum
1445 2705 1641 2744 Francisco
1674 2708 1910 2746 Tesmounde

457 2762 622 2799 Mai-tino
649 2761 866 2811 Parkynson
894 2761 1058 2799 Roberto
1083 2763 1244 2812 Symson
1274 2763 1475 2802 Edmundo
1504 2764 1700 2814 Chapman
1727 2767 1763 2803 N
1766 2767 1910 2805 icholao

456 2820 610 2857 Brownc
628 2823 683 2867 (et
706 2824 749 2858 27
773 2819 961 2868 Januarii)
977 2820 1037 2859 Jo.
1063 2821 1229 2859 Laurens
1247 2821 1303 2860 W.
1323 2822 1546 2860 Bradforthe
1569 2823 1625 2861 W.
1644 2824 1793 2862 Claiton
1817 2826 1909 2867 Tho.

459 2878 593 2917 warde
608 2879 666 2918 J0.
686 2879 852 2918 Burman
