2008 3294
164 150 384 208 1577-78]
753 162 904 196 eamn
934 161 1059 196 BOOK
1089 162 1119 194 Δ
1628 152 1711 195 311

162 265 303 302 Eadem
320 267 440 313 gratia
457 268 673 304 conceditur
689 267 819 304 eodem
831 267 1011 314 magistro
1024 266 1048 302 J
1049 278 1081 304 0.
1097 266 1321 313 Longworth
1373 268 1417 301 14
1431 265 1562 301 Martii
1579 266 1713 312 magis-

254 328 314 361 tro
331 326 438 363 Edm.
457 326 612 362 Barwell
630 327 809 373 magistro
827 326 1030 363 Laurentio
1047 326 1263 362 Ohaderton
1321 328 1364 361 15
1384 324 1514 360 Martii
1534 324 1713 371 magistro

255 384 435 420 Nicholao
467 384 661 432 Colpottes
749 388 771 420 3
809 385 900 420 Maii
934 385 1112 431 magistro
1147 383 1310 420 Roberto
1343 382 1495 420 Ohurch
1532 383 1713 428 magistro

254 443 411 490 Georgio
429 443 525 491 Styll
577 447 620 480 13
633 444 656 479 J
660 444 738 480 unii
752 444 931 490 magistro
945 443 1116 479 Barnabe
1130 443 1347 490 Shepparde
1363 441 1711 489 magistroDanieli

258 503 419 550 Munsey
447 503 627 550 magistro
656 503 714 539 J0.
745 503 881 550 Smyth
911 503 1091 549 magistro
1119 502 1292 538 Cornelio·
1320 500 1458 537 Welles
1532 503 1577 536 14
1605 501 1711 536 Junii
1785 504 1791 508 ”

254 562 432 608 magistro
458 562 521 598 W⁰
546 563 759 599 Whitacres

619 908 735 951 Ordo
766 908 1030 951 sienim-itatis
1059 910 1238 965 (marq.)

343 1045 398 1080 M‘
414 1045 607 1092 Oolpottes
798 1047 853 1082 M*
871 1046 1008 1083 Welles
1287 1046 1342 1081 Μ’
1360 1046 1514 1081 Barwell

343 1104 398 1138 Mr
414 1103 624 1140 Whitacres
799 1105 854 1140 Μ’·
872 1104 1095 1150 Langworth
1288 1104 1344 1140 Μ’
1362 1103 1522 1150 Munsey

345 1162 399 1197 Μ’
415 1162 608 1209 Sheppard
801 1163 856 1198 Μ’
873 1163 973 1210 Styll
1290 1163 1345 1198 Μ’
1362 1162 1498 1210 Smyth

343 1221 397 1255 Μ’
414 1221 627 1257 Ohaderton
796 1222 851 1257 Μ’·
867 1222 1017 1258 Ohurch
1037 1222 1080 1258 G.
1099 1222 1130 1258 &
1147 1221 1186 1257 C.
1287 1221 1341 1256 M*
1360 1221 1514 1267 Morgan

658 1545 867 1589 Doctores
897 1544 942 1586 in
975 1543 1193 1600 theologia

152 1680 379 1717 Conceditur
398 1683 442 1716 14
454 1680 583 1717 Martii
597 1680 799 1717 venerabili
818 1681 898 1716 viro
915 1680 1094 1726 magistro
1110 1678 1269 1715 Ricardo
1287 1677 1472 1714 Howland
1491 1677 1702 1725 procanoel-

243 1741 336 1777 lario
355 1743 396 1777 vt
416 1740 585 1777 studium
607 1743 628 1779 7
648 1753 834 1777 annorum
857 1741 895 1776 in
919 1752 1025 1776 sacra.
1046 1740 1234 1786 theologia
1256 1741 1343 1786 post
1362 1738 1519 1786 gradum
1545 1737 1701 1774 baccha-

243 1799 428 1836 lauriatus
459 1801 499 1836 in
531 1800 661 1836 eadem
693 1803 911 1847 susceptum
945 1811 1031 1836 cum
1064 1798 1212 1835 duobus
1240 1797 1477 1834 sermonibus
1505 1797 1625 1833 altero
1653 1796 1701 1832 ad

243 1859 382 1895 clerum
399 1858 517 1894 altero
533 1858 581 1894 ad
598 1858 780 1905 populum
798 1858 836 1894 in
854 1857 1042 1894 academie
1060 1857 1202 1904 templo
1218 1860 1307 1893 ante
1329 1856 1411 1892 eius
1433 1855 1701 1892 admissionem

243 1917 405 1953 sufficiat
421 1916 455 1953 ei
472 1916 520 1953 ad
537 1916 791 1964 incipiendum
810 1917 848 1952 in
866 1928 971 1952 sacra
988 1915 1175 1962 theologia

150 1977 376 2013 Conceditur
392 1979 438 2012 28
456 1976 547 2012 Maii
565 1977 743 2023 magistro
757 1976 858 2013 Edw.
873 1975 1037 2023 Buckley
1051 1977 1093 2011 vt
1109 1974 1280 2011 studium
1298 1978 1319 2009 5
1335 1985 1522 2009 annorum
1538 1973 1578 2009 in
1595 1973 1701 2008 theo-

243 2035 340 2081 Iogia
356 2037 442 2082 post
459 2034 616 2081 gradum
636 2033 963 2070 baochalauriatus
986 2034 1024 2069 in
1047 2032 1178 2069 eadem
1201 2035 1420 2079 susceptum
1442 2043 1527 2067 cum
1553 2031 1699 2078 opposi-

243 2094 413 2131 cionibus
444 2093 749 2141 responsionibus
781 2092 1017 2128 sermonibus
1049 2094 1089 2128 et
1121 2092 1206 2127 aliis
1234 2091 1422 2128 exercitiis
1454 2102 1521 2138 per
1552 2093 1700 2126 statuta

243 2153 434 2200 requisitis
450 2153 612 2189 sufficiat
627 2153 661 2189 ei
678 2152 727 2188 ad
745 2151 1001 2199 incipiendum
1018 2152 1058 2187 in
1074 2162 1181 2187 sacra
1196 2150 1386 2197 theologia

150 2213 291 2250 Eadem
316 2213 436 2259 gratia
460 2212 677 2248 conoeditur
703 2215 746 2248 15
770 2212 899 2248 Martii
925 2211 1104 2258 magistro
1129 2211 1274 2247 Thome
1299 2210 1443 2246 Orooke
1515 2210 1699 2246 Professio

244 2284 372 2308 eorum
398 2274 440 2308 vt
464 2283 577 2318 supra

604 2606 722 2650 Ordo
753 2605 1020 2650 senioritatis
1050 2607 1229 2662 (mary.)

786 2742 836 2777 Dr
854 2741 1039 2777 Howland

788 2800 838 2835 D‘
855 2800 1021 2847 Buckley

789 2860 840 2895 D¹'
855 2860 1002 2896 Orooke
