1976 3276
183 198 401 255 1570-71]
765 210 917 242 GRAcE
950 211 1070 242 Boou(
1103 212 1132 241 Δ
1646 203 1729 244 245

275 315 423 361 Wright
446 315 480 352 d.
507 316 665 362 Georgio
689 316 760 351 Lce
783 315 818 352 d.
843 315 1007 350 Johanui
1033 314 1171 360 Smyth
1193 313 1229 350 d.
1254 313 1442 349 Willelmo
1472 313 1675 361 Calthorpe
1693 315 1728 350 d.

274 374 471 410 Timotheo
506 375 668 421 Egerton
701 375 736 411 d.
769 375 911 410 Thome
940 374 1068 409 Crowe
1096 373 1131 409 d.
1165 373 1253 408 Lau.
1287 373 1469 408 Newman
1502 373 1537 409 d.
1570 373 1731 409 Ricardo

275 434 524 480 Willoughbie
544 434 578 470 d.
602 435 769 482 Edwyno
793 434 937 470 Howell
958 433 993 469 d.
1017 433 1206 468 Willelmo
1228 432 1394 468 Cheston
1416 432 1451 468 d.
1477 433 1609 468 Carolo
1634 433 1730 469 Rad-

272 492 369 528 cliffe
397 493 431 528 d.
465 493 668 540 Reginaldo
702 493 890 541 Whitfyld
921 493 956 529 d.
994 493 1109 528 Paulo
1142 492 1287 528 Gother
1319 493 1353 528 d.
1388 493 1480 528 Tho.
1514 493 1665 529 Sowthe
1693 493 1728 529 d.

275 551 431 587 Ricardo
465 552 606 588 Pearne
634 552 669 589 d.
702 552 875 588 Michaeli
909 551 1058 587 Haidon
1087 551 1122 587 d.
1156 550 1326 587 Barnabe
1356 551 1527 598 Shepard
1557 552 1591 587 d.
1620 552 1727 587 Geor.

274 609 396 645 Whall
418 610 452 645 d.
478 610 637 646 Ricardo
658 610 854 647 Osbourne
876 611 910 646 d.
933 610 990 645 J0.
1015 609 1180 645 Wilbore
1202 609 1238 645 d.
1262 610 1450 646 Willelmo
1478 610 1670 646 Whitacre
1691 610 1727 646 d.

274 668 362 704 Tho.
396 669 541 704 Bennet
570 669 604 706 d.
638 669 797 705 Ricardo
832 668 1030 714 Hodgeson
1056 668 1091 704 d.
1122 667 1223 705 Edw.
1252 668 1397 704 Mawde
1421 668 1457 706 d.
1485 669 1547 705 W⁰
1573 669 1728 716 Morgan

271 727 305 763 d.
327 728 500 775 Philippo
517 729 690 775 Stringar
709 728 744 764 d.
764 729 870 764 Geor.
893 728 991 775 Styll
1013 727 1048 764 d.
1073 727 1174 763 Edw.
1199 728 1319 774 Alvey
1340 727 1375 765 d.
1403 728 1569 764 Roberto
1590 728 1727 776 Smyth

272 786 306 822 d.
333 787 520 823 Willelmo
543 788 662 835 Teyze
685 788 718 824 d.
745 787 852 824 Edm.
881 787 985 823 Price
1007 787 1042 823 d.
1070 786 1233 822 Roberto
1255 787 1350 835 Joye
1375 787 1410 824 d.
1438 787 1546 824 Edm.
1572 787 1728 824 Barwell

271 844 306 881 d.
335 845 422 880 Lau.
451 844 667 881 Chaderton
692 845 726 881 d.
751 845 918 881 Johanni
946 845 1024 881 Bell
1049 844 1083 880 d.
1106 844 1163 880 Jo.
1189 845 1311 892 Amye
1336 845 1371 881 d.
1396 846 1452 883 J0.
1482 846 1727 893 Longeworth

270 903 304 939 d.
327 903 488 940 Roberto
506 904 657 940 Sendall
675 904 709 941 d.
732 905 897 940 Henrico
914 904 1128 940 Grenwhod

179 962 320 998 Eadem
343 963 464 1009 gratia
487 963 706 999 conceditur
732 966 773 999 ll
802 963 894 999 Maii
919 963 954 999 d.
982 963 1146 1000 Roberto
1173 964 1317 1000 Boothe
1341 964 1376 1000 d.
1402 964 1518 1001 Galfr.
1545 965 1665 1002 Lorde
1688 964 1724 1002 d.

271 1022 433 1058 Jeremie
464 1022 576 1070 Kydd
609 1023 643 1059 d.
674 1023 861 1059 Willelmo
894 1023 1158 1070 Goldyngham
1191 1023 1226 1059 d.
1260 1023 1443 1060 Nicholao
1476 1025 1656 1073 Baldwyn
1689 1025 1724 1061 d.

274 1081 422 1118 Danieli
449 1082 610 1129 Munsay
635 1082 670 1118 d.
698 1082 734 1118 N
737 1082 881 1118 icholao
907 1082 1058 1119 Stowell
1083 1082 1119 1118 d.
1148 1082 1312 1119 Roberto
1337 1082 1488 1119 Church

182 1142 225 1175 18
251 1139 343 1176 Maii
366 1141 496 1176 eadem
522 1141 644 1187 gratia
668 1141 887 1177 conceditur
910 1141 945 1178 d.
974 1141 1066 1179 Tho.
1094 1141 1210 1178 Holte
1239 1142 1274 1178 d.
1305 1142 1488 1179 Nicholao
1514 1143 1664 1190 Wright
1688 1143 1724 1180 d.

271 1198 412 1235 Jacobo
436 1199 571 1236 Oarlell
594 1199 629 1235 d.
656 1199 752 1236 Hen.
776 1199 932 1236 Aldrich
982 1203 1004 1236 8
1026 1200 1050 1236 J
1053 1200 1133 1236 unii
1155 1200 1190 1237 d.
1216 1201 1381 1237 Roberto
1404 1202 1543 1239 Swette
1591 1202 1726 1239 vltimo

271 1258 295 1293 J
298 1258 377 1294 unii
393 1258 428 1296 d.
449 1258 545 1295 Hen.
564 1258 675 1305 Trips
693 1262 731 1294 et
747 1259 782 1295 d.
803 1259 896 1295 Rob.
916 1259 1044 1295 Conns

178 1316 405 1352 Conceditur
420 1316 474 1363 xj⁰
491 1317 582 1352 Maii
599 1320 642 1352 vt
658 1317 887 1353 honorabilis
904 1317 1119 1355 adolescens
1135 1322 1174 1354 et
1190 1318 1367 1356 dominus
1389 1320 1424 1356 d.
1452 1320 1554 1357 Edw.
1575 1320 1726 1357 Zouche

272 1375 498 1411 admittatur
513 1375 561 1411 ad
578 1375 835 1422 incipiendum
852 1376 891 1412 in
908 1375 1056 1412 artibus
1073 1376 1128 1412 ita
1146 1379 1275 1414 tamen
1293 1380 1335 1414 vt
1351 1378 1522 1426 disputet
1543 1379 1583 1416 in
1603 1380 1725 1427 proxi·

272 1435 345 1472 mis
368 1435 530 1472 comitiis
552 1438 591 1472 et
615 1436 836 1472 convivetur
856 1439 896 1472 et
918 1449 994 1472 non
1016 1440 1185 1474 arctetur
1208 1438 1256 1475 ad
1281 1438 1450 1486 aliquam
1475 1441 1726 1477 ceremoniam

272 1494 422 1530 solitam
449 1493 637 1531 observari
670 1494 720 1531 ab
752 1495 1023 1542 incipientibus
1055 1496 1095 1532 in
1128 1497 1259 1534 eadem
1293 1498 1474 1535 facultate
1522 1499 1726 1536 Admissus

273 1556 319 1590 29
342 1553 449 1590 Junii
474 1553 555 1590 sine
579 1553 715 1590 habitu
739 1557 808 1590 aut
832 1555 986 1602 caputio
1011 1555 1050 1591 in
1077 1556 1229 1603 propria
1253 1557 1375 1593 vsuali
1400 1559 1488 1604 toga
1512 1560 1551 1595 et
1576 1570 1725 1606 presen-

271 1614 376 1649 tatus
401 1624 467 1660 per
490 1613 675 1650 seniorem
700 1618 980 1661 procuratorem

176 1673 263 1710 Vna
286 1685 372 1709 cum
401 1673 475 1709 hiis
503 1674 724 1721 inceperunt
752 1674 799 1711 de
826 1674 980 1722 collegio
1011 1675 1125 1722 Regio
1155 1675 1294 1723 quibus
1323 1676 1428 1713 nulla
1455 1677 1576 1723 gratia
1602 1678 1724 1725 petita

271 1744 392 1779 neque
415 1732 650 1778 dispensacio
666 1745 841 1769 concessa
857 1733 891 1769 d.
908 1733 1009 1769 Edw.
1024 1734 1047 1769 J
1050 1746 1181 1782 ermyn
1193 1735 1228 1771 d.
1245 1735 1406 1782 August.
1423 1736 1520 1772 Dike
1535 1735 1722 1773 Robertus

273 1792 417 1838 Draper
432 1791 455 1827 J
458 1804 489 1828 0.
510 1792 689 1827 Dawnser
704 1791 739 1827 d.
760 1792 976 1828 Baldwinus
993 1793 1163 1829 Johnson
1180 1796 1220 1829 et
1239 1794 1445 1830 Nicholaus
1463 1794 1664 1831 Edwardes

179 1851 289 1887 Mem.
308 1850 407 1898 quod
426 1851 604 1897 magister
620 1851 745 1887 Wball
762 1851 885 1887 abfuit
903 1852 939 1888 iu
959 1853 1147 1888 creatione
1169 1857 1208 1890 et
1229 1857 1378 1889 creatus
1397 1857 1456 1890 est
1477 1857 1564 1901 post
1586 1856 1720 1902 magis-

270 1913 372 1945 trum
385 1909 407 1945 J
411 1921 542 1956 ermyn
559 1909 624 1945 sed
642 1910 679 1945 in
698 1911 867 1957 proxima
883 1912 1171 1958 congregat-ione
1188 1924 1255 1959 per
1270 1913 1432 1958 gratiani
1450 1913 1651 1950 restitutus
1663 1918 1721 1950 est

272 1968 481 2004 senioritati

179 2027 290 2062 Mem.
316 2026 416 2073 quod
442 2027 620 2074 magister
646 2027 794 2063 Heidon
819 2027 944 2064 abfuit
968 2041 1036 2064 nec
1061 2032 1119 2065 est
1144 2030 1392 2076 inauguratus
1417 2030 1516 2066 vnde
1540 2031 1722 2069 forisfecit

271 2085 483 2121 cautionem

178 2145 288 2180 Mem.
310 2143 409 2190 quod
435 2143 613 2190 magister
635 2144 799 2180 Wilbore
824 2147 910 2192 post
932 2145 1202 2183 admissionem
1226 2150 1316 2183 ante
1339 2148 1493 2184 comitia
1517 2149 1615 2184 viam
1641 2150 1719 2185 vni-

271 2215 375 2239 uerse
392 2203 514 2239 carnis
531 2204 720 2250 ingressus
736 2207 794 2240 est
