2008 3216
366 171 452 213 194
963 177 1116 210 eRAcn
1146 177 1272 209 Boox
1302 178 1332 209 Δ
1698 166 1918 222 [1565-66

603 283 763 319 Travers
780 282 852 329 (ju)
1051 279 1314 317 Goldesborow
1446 280 1570 316 Baker

605 342 697 378 Best
1046 340 1158 376 Ware
1440 339 1602 378 Woodes

607 398 770 444 Mottley
1044 396 1272 443 Wolfynden
1442 395 1591 432 Holden

605 456 765 503 Fynkell
1048 456 1198 492 Pollard
1444 455 1653 502 Remchym

607 515 756 561 Knight
772 506 774 508 ’
1046 514 1244 551 wentford
1445 513 1594 560 Droope

608 574 868 611 Richemound
1048 574 1206 621 Younge

205 720 232 758 f-
254 719 305 757 85
326 720 352 757 b
371 727 599 763 Conceditur
630 726 714 774 viij⁰
747 727 942 763 Februarii
967 733 1010 763 vt
1034 727 1284 774 questioniste
1313 727 1461 774 possint
1485 726 1708 775 respondem
1731 727 1922 774 questioni

465 788 552 833 post
569 786 709 822 festum
726 786 1000 833 purificationis
1016 798 1091 822 non
1109 786 1285 822 obstante
1302 787 1449 822 statuto

372 845 599 881 Conceditur
615 845 746 881 eodem
766 847 809 880 vt
830 845 1002 892 magistri
1025 845 1210 892 Wyckam
1232 848 1271 881 et
1294 845 1425 880 Barow
1447 844 1526 880 sint
1549 846 1675 880 vestra
1696 844 1922 880 auctoritate

466 904 742 940 examinatores
757 904 1095 951 questionistarum
1112 904 1226 940 huius
1243 904 1335 940 anni

948 1147 1153 1205 Magistri
1184 1148 1347 1191 artium

374 1275 603 1313 Conceditur
618 1275 701 1322 viij⁰
719 1275 912 1311 Februarii
926 1275 1116 1311 Willelmo
1132 1275 1310 1323 Ashebye
1326 1279 1369 1312 vt
1385 1278 1408 1312 9
1425 1275 1578 1312 termini
1591 1275 1631 1312 in
1645 1275 1784 1322 quibus
1796 1275 1922 1311 lectio—

470 1347 538 1371 nes
566 1334 774 1371 ordinarias
803 1334 952 1370 audiuit
977 1334 1066 1370 licet
1091 1346 1166 1370 non
1190 1334 1344 1370 omnino
1368 1334 1576 1370 secundum
1600 1334 1760 1370 formam
1785 1334 1938 1374 statuti,

470 1406 556 1430 cum
574 1393 701 1430 studio
725 1393 893 1440 quinque
917 1405 1103 1429 annorum
1126 1394 1164 1429 in
1188 1393 1475 1430 humanioribus
1491 1393 1701 1441 disciplinis
1717 1392 1925 1430 dialecticis

469 1452 737 1500 philosophicis
765 1451 884 1498 grecis
909 1451 1114 1499 latinisque
1139 1452 1259 1489 literis
1285 1452 1425 1500 partim
1453 1452 1603 1489 Lutetie
1629 1452 1770 1500 partim
1792 1452 1831 1488 in
1854 1452 1925 1488 hac

469 1511 662 1548 academia
681 1510 870 1547 sufficiant
885 1510 920 1546 ei
937 1510 986 1546 ad
1002 1510 1260 1558 incipiendum
1275 1511 1316 1547 in
1332 1504 1479 1547 'artibus
1499 1511 1553 1547 sic
1574 1515 1617 1548 vt
1640 1511 1722 1547 eius
1743 1510 1924 1548 admissio

469 1573 546 1606 stet
561 1582 630 1617 pro
646 1569 842 1616 completis
858 1568 978 1616 gradu
994 1573 1032 1605 et
1049 1569 1169 1605 forma
1185 1570 1365 1616 quoniam
1381 1570 1463 1606 sine
1479 1581 1615 1616 magno
1638 1581 1707 1606 suo
1728 1569 1924 1618 dispendio
1981 1588 1983 1590 v

469 1632 620 1675 tempus
637 1627 877 1664 comitiorum
893 1629 1091 1674 expectare
1107 1639 1183 1663 non
1199 1627 1321 1675 possit
1337 1627 1403 1664 sed
1419 1631 1549 1664 tamen
1566 1630 1609 1664 vt
1625 1628 1846 1664 convivetur

375 1687 602 1724 Conceditur
619 1689 665 1723 29
684 1686 814 1723 Martii
837 1686 928 1722 Tho.
948 1686 1073 1734 Edgar
1098 1690 1140 1723 vt
1163 1686 1334 1723 studium
1359 1690 1402 1723 12
1425 1698 1611 1724 annorum
1632 1687 1671 1723 in
1694 1687 1923 1724 humaniori-

469 1746 542 1783 bus
563 1746 683 1783 literis
705 1749 744 1782 et
766 1746 882 1782 sacris
904 1758 991 1782 cum
1013 1745 1136 1782 tribus
1158 1746 1466 1794 responsionibus
1487 1750 1527 1783 et
1546 1744 1631 1783 aliis
1653 1746 1839 1783 exercitiis
1858 1757 1925 1794 per

470 1805 570 1852 regia
593 1807 741 1841 statuta
761 1804 955 1852 requisitis
975 1804 1138 1841 sufficiat
1160 1804 1194 1841 ei
1217 1804 1266 1842 ad
1288 1805 1545 1853 incipiendum
1567 1805 1606 1841 in
1631 1804 1778 1842 artibus
1799 1805 1853 1842 sic
1882 1807 1924 1842 vt

470 1868 596 1901 vestra
624 1864 852 1913 auctoritate
880 1864 1105 1912 respondeat
1134 1864 1173 1901 in
1203 1864 1338 1901 habitu
1367 1863 1605 1901 bachalaurei
1629 1867 1670 1901 et
1693 1864 1815 1901 solvat
1844 1865 1923 1902 vni-

470 1923 644 1959 uersitati
669 1935 746 1959 xxs

375 1982 602 2020 Conceditur
618 1981 747 2019 eodem
764 1981 918 2019 domino
934 1981 958 2018 J
960 1981 1101 2018 ohanni
1119 1981 1261 2018 Barker
1277 1981 1469 2029 quondam
1485 1981 1585 2018 socio
1602 1981 1745 2029 collegii
1768 1982 1859 2030 regii
1881 1986 1925 2020 vt

469 2042 506 2078 ix
536 2042 688 2078 termini
721 2044 808 2089 post
842 2041 991 2078 finalem
1024 2041 1106 2078 eius
1137 2041 1492 2078 determinationem
1517 2041 1556 2078 in
1581 2041 1720 2089 quibus
1744 2042 1924 2080 lectiones

468 2100 676 2137 ordinarias
703 2100 851 2137 audivit
878 2100 966 2138 licet
992 2112 1067 2137 non
1091 2101 1244 2137 omnino
1266 2101 1473 2138 secundum
1495 2101 1655 2138 formam
1677 2102 1814 2139 statuti
1836 2114 1923 2139 cum

469 2159 770 2208 oppositionibus
802 2159 1108 2207 responsionibus
1141 2163 1180 2198 et
1211 2160 1296 2197 aliis
1328 2161 1515 2198 exercitiis
1546 2173 1614 2209 per
1645 2163 1791 2198 statuta
1823 2162 1924 2209 regia

468 2219 662 2267 requisitis
678 2219 868 2255 sufficiant
883 2219 918 2255 ei
934 2218 983 2256 ad
1001 2219 1257 2267 incipiendum
1275 2220 1314 2256 in
1331 2219 1478 2257 artibus
1501 2220 1555 2257 sic
1578 2222 1620 2257 vt
1641 2220 1722 2258 eius
1745 2220 1923 2257 admissio

469 2282 546 2315 stet
563 2290 629 2326 pro
646 2278 842 2326 completis
858 2278 977 2325 gradu
993 2282 1033 2316 et
1050 2279 1170 2316 forma
1186 2279 1366 2327 quoniam
1383 2280 1465 2316 sine
1482 2291 1618 2327 magno
1634 2291 1703 2316 suo
1725 2279 1923 2328 dispendio

469 2341 620 2385 tempus
637 2336 875 2374 comitiorum
892 2341 1088 2385 expectare
1105 2350 1181 2375 non
1199 2342 1325 2386 potest
1341 2339 1397 2376 ita
1413 2342 1541 2376 tamen
1559 2341 1602 2375 vt
1618 2339 1837 2376 convivetur

374 2396 603 2434 Conceditur
619 2399 682 2433 22⁰
699 2396 893 2433 Februarii
910 2396 945 2434 d.
964 2397 1130 2434 Johanni
1148 2396 1384 2434 Claribachio
1402 2401 1444 2434 vt
1461 2399 1484 2435 9
1501 2398 1653 2434 termini
1670 2401 1757 2446 post
1774 2398 1923 2435 finalem

468 2454 549 2491 eius
565 2454 918 2492 determinationem
937 2456 975 2492 in
993 2456 1133 2504 quibus
1150 2456 1329 2494 lectiones
1346 2456 1556 2493 ordinarias
1571 2456 1719 2494 audiuit
1741 2456 1829 2494 licet
1848 2469 1923 2494 non

468 2513 622 2549 omnino
638 2513 846 2551 secundum
863 2514 1024 2551 formam
1041 2514 1179 2551 statuti
1196 2526 1283 2551 cum
1300 2514 1601 2563 oppositionibus
1618 2512 1924 2563 responsionibus

468 2575 508 2607 et
523 2570 608 2607 aliis
624 2571 812 2608 exercitiis
829 2583 895 2619 per
911 2574 1059 2609 statuta
1075 2572 1176 2620 regia
1192 2572 1386 2620 requisitis
1405 2572 1596 2609 sufficiant
1616 2572 1650 2610 ei
1673 2572 1720 2610 ad
1743 2573 1922 2622 incipien-

467 2630 558 2667 dum
577 2630 615 2666 in
632 2629 780 2667 artibus
1137 2650 1152 2659 ε

375 2689 515 2726 Eadem
533 2690 655 2737 gratia
671 2690 888 2727 conceditur
905 2692 952 2727 29
970 2690 1099 2727 Martii
1116 2690 1151 2729 d.
1171 2690 1288 2729 Anth.
1308 2691 1529 2729 Woodward
1547 2691 1582 2729 d.
1601 2691 1776 2729 Christof.
1798 2691 1922 2740 Kyrk-

469 2747 557 2784 land
573 2747 608 2786 d.
627 2748 804 2786 Christos.
825 2749 962 2798 Fewyll
982 2749 1018 2787 d.
1042 2749 1108 2787 Ed.
1133 2750 1360 2788 Grenewood
1383 2750 1418 2788 d.
1443 2750 1533 2789 Rob.
1558 2750 1724 2788 Holland
1745 2750 1780 2789 d.
1807 2751 1920 2788 Mich.

470 2807 678 2855 Hennydge
694 2807 728 2845 d.
748 2807 808 2846 Jo.
828 2808 959 2846 Pioard
976 2808 1010 2845 d.
1031 2808 1095 2845 W⁰
1111 2808 1260 2847 Chai-ke
1277 2809 1312 2847 d.
1330 2810 1353 2846 J
1357 2822 1390 2847 0.
1410 2810 1529 2847 Nesse
1545 2810 1579 2847 d.
1596 2810 1701 2847 Alex.
1721 2810 1922 2859 Fitzjefray

466 2866 501 2903 d.
520 2867 695 2905 Gwatero
711 2867 822 2905 Allen
839 2867 876 2906 d.
895 2868 1003 2907 Edm.
1025 2868 1166 2907 Barker
