2008 3294
116 196 333 252 1585-86]
702 198 855 240 cason:
886 207 1009 239 Boon
1042 206 1071 238 Δ
1574 195 1656 237 401

607 411 814 454 Doctores
844 410 891 453 in
916 411 1016 468 jure
1046 410 1161 453 civili

113 521 340 557 Conceditur
369 523 389 558 7
414 521 507 557 Julii
539 523 647 557 1585ο
671 520 851 568 magistro
881 519 1045 557 Roberto
1075 520 1244 557 Redman
1271 523 1314 556 vt
1342 519 1513 556 studium
1542 521 1564 557 7
1593 531 1658 555 an-

208 590 341 614 norum
364 579 403 615 in
427 579 507 615 iure
527 579 627 615 civili
647 582 851 626 postquam
871 579 1007 616 rexerit
1027 579 1067 614 in
1086 578 1233 615 artibus
1252 590 1338 614 cum
1358 576 1660 625 opposicionibus

206 637 511 684 responsionibus
532 637 692 684 aliisque
713 637 901 674 exercitiis
923 649 989 685 per
1008 637 1109 684 regia
1124 639 1272 673 statuta
1288 637 1482 684 requisitis
1498 636 1660 672 sufficiat

207 696 242 732 ei
264 696 312 733 ad
334 696 590 744 incipiendum
613 697 649 733 in
675 696 805 733 eodem
827 697 907 733 iure
969 699 1014 732 25
1031 696 1053 732 J
1058 697 1137 732 unii
1157 695 1287 732 eadem
1307 696 1429 743 gratia
1444 695 1661 732 conceditur

208 756 387 802 magistro
409 757 432 793 J
435 768 466 793 o.
486 756 617 792 Bettes
639 768 725 792 cum
748 755 876 793 studio
900 759 920 791 5
944 767 1128 792 annorum
1152 759 1238 803 post
1261 755 1419 802 gradum
1442 754 1659 791 bacchalau-

206 819 333 851 reatus
349 815 389 851 in
405 815 536 852 eodem
553 816 632 852 iure
649 818 866 863 susceptum
882 818 922 852 et
939 814 1118 862 magistro
1136 814 1300 851 Henrico
1316 814 1548 850 Whetecroft

596 984 712 1028 Ordo
741 984 1006 1028 senioritatis
1035 999 1171 1041 marg.

296 1094 330 1132 d.
352 1095 480 1131 Bettes
715 1094 751 1131 d.
771 1094 941 1132 Rodman
1178 1093 1214 1131 d.
1233 1092 1467 1130 Whetecroft

577 1273 885 1317 Bacchalaurei
917 1274 962 1316 in
993 1272 1214 1331 theologia

110 1381 336 1418 Conceditur
362 1384 406 1418 13
431 1382 522 1418 Maii
549 1382 728 1429 magistro
757 1382 922 1419 Hem-ico
946 1382 1069 1430 Alvey
1093 1386 1136 1418 vt
1164 1381 1334 1418 studium
1360 1383 1381 1418 7
1407 1393 1592 1417 annorum
1618 1381 1656 1417 in

204 1452 309 1476 sacra
345 1440 530 1488 theologia
566 1443 767 1488 postquam
804 1441 941 1478 rexerit
977 1442 1016 1477 in
1050 1441 1197 1478 artibus
1233 1453 1320 1478 cum
1357 1440 1658 1488 opposicionibus

204 1499 508 1546 responsionibus
544 1499 779 1536 sermonibus
815 1501 1023 1548 ceterisque
1059 1500 1246 1537 exercitiis
1281 1512 1348 1548 per
1379 1503 1527 1536 statuta
1559 1500 1660 1547 regia

203 1557 395 1605 requisitis
422 1558 584 1595 sufficiat
611 1558 645 1595 ei
675 1561 755 1595 tam
782 1558 830 1595 ad
859 1558 1123 1606 opponendum
1151 1570 1266 1605 quam
1295 1558 1343 1595 ad
1372 1558 1593 1595 intrandum
1620 1559 1658 1594 in

205 1628 310 1652 sacra
322 1617 508 1664 theologia
556 1617 697 1654 Eadem
714 1618 836 1665 gratia
848 1618 1066 1655 conceditur
1078 1618 1268 1665 magistris
1279 1618 1422 1654 Thome
1436 1618 1658 1654 Newcomen

205 1677 295 1713 The.
322 1677 479 1725 Wylsha
504 1678 562 1714 Jo.
589 1678 718 1714 James
748 1678 878 1715 Franc.
907 1678 1047 1714 Dalton
1077 1678 1236 1714 Ricardo
1266 1678 1369 1714 Mote
1395 1678 1471 1714 Cle.
1501 1678 1659 1725 Smythe

206 1736 306 1773 Edw.
335 1737 484 1774 Holden
511 1738 623 1775 Mich.
653 1737 800 1774 Rabbet
829 1738 976 1774 Danieli
1005 1739 1109 1786 Ryve
1137 1739 1234 1776 Hen.
1261 1738 1357 1774 Gold
1384 1738 1476 1774 Tho.
1505 1738 1659 1775 Bounde

205 1798 251 1831 20
266 1796 289 1831 J
293 1796 372 1832 unii
395 1797 584 1843 magistris
601 1797 707 1834 Geor.
726 1797 911 1845 Drywood
935 1797 1094 1834 Ricardo
1110 1797 1284 1834 Webster
1300 1797 1488 1834 Willelmo
1505 1797 1658 1845 Cawsey

203 1856 242 1890 et
260 1853 376 1890 Bruto
396 1854 615 1902 Babyngton

593 2033 710 2076 Ordo
740 2033 1006 2077 senioritatis
1037 2049 1173 2091 mary.

390 2139 535 2176 Wilsha
783 2141 919 2189 Smyth
1233 2143 1332 2178 Reve

393 2199 576 2246 DPJWOOd
785 2200 880 2237 Gold
1232 2201 1362 2238 James

393 2258 531 2294 Dalton
785 2259 959 2296 Webster
1234 2260 1457 2297 Newcomen

394 2315 540 2353 Rabbet
785 2317 1010 2366 Babyngton
1234 2320 1388 2368 Cawsey

392 2375 512 2423 Alvey
785 2377 934 2414 Holden
1232 2380 1335 2415 Moto

393 2435 546 2471 Bounde
1280 2441 1325 2475 16

641 2602 801 2645 Doctor
831 2602 878 2645 in
909 2603 1127 2659 theologia
1674 2591 1699 2629 f·
1726 2590 1802 2629 150
1820 2602 1845 2627 a

109 2707 336 2743 Conceditur
361 2711 383 2744 4
408 2709 431 2745 J
435 2709 514 2745 unii
543 2710 723 2756 magistro
752 2711 854 2748 Edw.
880 2711 1038 2758 Jermyn
1063 2715 1106 2748 vt
1132 2712 1302 2748 studium
1334 2716 1378 2749 12
1403 2725 1589 2750 annorum
1617 2715 1656 2750 in

206 2778 311 2802 sacra
347 2766 532 2814 theologia
567 2773 769 2815 postquam
805 2770 942 2805 rexerit
978 2770 1016 2806 in
1054 2769 1200 2806 artibus
1236 2783 1323 2807 cum
1359 2771 1659 2819 oppositionibus

203 2825 508 2871 responsionibus
544 2826 780 2863 sermonibus
816 2828 1024 2874 ceterisque
1059 2828 1246 2864 exercitiis
1280 2840 1347 2875 per
1379 2833 1527 2866 statuta
1559 2832 1660 2878 regia

204 2884 398 2930 requisitis
422 2885 584 2922 sufficiat
608 2885 642 2922 ei
667 2885 714 2923 ad
739 2886 995 2934 incipiendum
1019 2887 1059 2923 in
1084 2899 1189 2923 sacra
1213 2887 1399 2935 theologia

223 2967 259 2995 1..
281 2967 337 2996 ιν.
1502 2964 1552 3002 26
