1976 3276
154 153 372 208 1568-69]
739 161 890 193 onAcn:
922 161 1046 192 BOOK
1078 162 1108 192 Δ
1618 152 1698 195 227

244 267 362 314 gradu
378 270 417 303 et
434 268 554 303 forma
569 267 788 303 doctoratus
805 265 844 301 in
863 264 994 301 eadem
1012 265 1193 300 facultate
1209 268 1248 300 et
1265 265 1494 301 admittatur
1517 265 1564 301 ad
1588 265 1701 312 placi-

245 328 328 361 turn
351 329 390 361 et
412 326 463 361 sit
485 329 574 361 actu
601 325 731 361 doctor
757 335 831 359 non
859 323 1100 358 obstantibus
1127 322 1418 369 quibuscunque
1445 324 1604 359 statutis
1633 327 1702 358 aut

247 384 584 421 consuetudinibus
606 384 718 420 istius
735 382 994 418 vniversitatis
1011 383 1065 418 sic
1082 385 1211 418 tamen
1229 384 1271 418 vt
1287 382 1510 418 convivetur
1532 385 1571 418 et
1593 382 1702 417 satis-

247 444 362 480 faciat
378 445 567 480 officiariis
619 445 866 480 Presentatus
881 455 949 489 per
965 442 1156 478 doctorem
1175 442 1294 478 Peme
1342 442 1531 478 admissus
1547 441 1678 477 eodem

154 503 383 540 Conceditur
407 507 457 540 -25
489 503 618 539 Martii
650 503 830 549 magistro
860 501 1020 538 Ricardo
1053 501 1250 538 Coortesse
1282 501 1435 537 ecclesie
1469 500 1704 537 Cathedralis

247 563 491 599 Oicestrensis
507 563 647 599 decano
664 566 707 599 vt
723 562 895 598 studium
909 564 962 597 4⁰²·
977 573 1162 598 annorum
1180 562 1219 597 in
1237 562 1425 608 theologia
1442 566 1529 608 post
1545 559 1703 607 gradum

247 621 560 658 bachalaureatus
593 622 632 657 in
665 621 795 657 eadem
832 620 1015 656 facultate
1049 622 1268 667 susceptum
1306 632 1392 655 cum
1426 632 1501 655 vno
1533 630 1704 655 sermone

247 740 421 787 ponenda
444 740 484 776 in
510 740 686 776 manibus
710 743 995 787 procuratorum
1019 743 1108 775 ante
1133 740 1214 775 eius
1238 739 1506 776 admissionem
1527 742 1567 775 et
1586 738 1704 774 altero

248 799 295 835 ad
319 811 467 836 crucem
493 799 570 836 divi
595 800 701 836 Pauli
725 799 887 835 sufficiat
911 799 946 835 ei
971 799 1019 835 ad
1044 799 1300 846 incipiendum
1325 800 1365 835 in
1388 811 1493 835 sacra
1518 798 1706 845 theologia

248 857 303 893 ita
327 859 370 893 vt
397 858 478 894 eius
506 857 686 894 admissio
714 860 791 894 stet
818 869 887 904 pro
915 857 1114 904 completis
1137 857 1255 904 gradu
1278 861 1318 893 et
1342 858 1463 894 forma
1483 857 1704 894 doctoratus

245 915 284 950 in
317 915 447 951 eadem
480 915 660 952 facultate
690 919 730 952 et
756 916 985 952 admittatur
1012 915 1061 952 ad
1089 916 1273 962 placitum
1299 916 1379 951 sive
1406 916 1468 952 hic
1494 916 1574 952 sive
1599 917 1703 951 extra

245 974 532 1011 vniuersitatem
543 987 566 1011 a
579 975 732 1011 domino
749 974 1039 1022 procancellario
1054 978 1122 1011 aut
1139 975 1213 1011 alio
1229 976 1381 1012 doctore
1403 976 1571 1012 eiusdem
1588 975 1703 1011 facul-

244 1032 336 1068 tatis
346 1044 413 1079 per
424 1032 620 1068 dominum
638 1032 972 1080 procancellarium
984 1033 1210 1080 assignando
1251 1033 1411 1080 (peregit
1428 1034 1555 1069 omnia
1568 1034 1701 1080 mar-9.)

154 1090 266 1127 Mem.
287 1090 387 1137 quod
408 1090 507 1126 idem
529 1091 708 1138 magister
729 1090 912 1126 Ricardus
936 1090 1131 1127 Ooortesse
1153 1091 1342 1127 admissus
1365 1094 1423 1127 est
1450 1091 1498 1127 ad
1521 1092 1704 1138 premissa

245 1160 312 1195 per
348 1149 571 1195 magistrum
606 1149 818 1186 Gabrielem
853 1148 1050 1185 Goodman
1090 1161 1194 1185 sacre
1235 1149 1420 1196 theologie
1457 1150 1703 1196 professorem

245 1207 428 1243 decanum
445 1207 598 1243 ecclesie
615 1208 694 1243 sive
717 1207 861 1254 collegii
879 1207 1295 1244 Westmonasteriensis
1319 1207 1545 1255 deputatum
1569 1208 1703 1254 magis-

246 1265 295 1301 tri
323 1265 508 1301 Johannis
536 1265 692 1311 Younge
721 1265 1001 1312 procancellarii
1031 1265 1222 1302 antedicto
1251 1266 1512 1302 vniuersitatis
1541 1266 1704 1303 secundo

246 1323 307 1360 die
331 1324 472 1360 mensis
498 1324 642 1371 Aprilis
667 1335 767 1359 anno
792 1324 936 1360 domini
965 1326 1056 1360 1569
1083 1325 1121 1360 in
1148 1337 1296 1361 camera
1320 1325 1430 1361 solite
1456 1325 1705 1361 habitationis

247 1383 339 1420 dicti
363 1383 550 1420 Gabrielis
573 1383 683 1430 vulgo
706 1386 923 1431 nuncupate
946 1384 1158 1420 Jerusalem
1182 1385 1221 1420 in
1245 1385 1581 1421 Westmonasterio
1605 1386 1705 1421 inter

248 1443 359 1479 horas
379 1442 614 1479 vndecimam
637 1446 677 1478 et
698 1442 958 1479 duodecimam
975 1443 1015 1479 in
1040 1443 1230 1490 presentia
1253 1443 1424 1480 Godfridi
1449 1444 1621 1480 Godman
1643 1444 1666 1480 J
1670 1456 1701 1480 0.

249 1502 413 1539 Thomas
442 1507 481 1538 et
511 1502 608 1549 Hug.
638 1502 836 1550 Bascafyld
866 1503 1023 1539 testium
1052 1502 1100 1539 ad
1130 1503 1199 1538 hoc
1228 1503 1497 1549 requisitorum
1527 1506 1569 1539 vt
1598 1506 1704 1550 patet

247 1561 343 1610 [per]
364 1562 494 1598 literas
515 1562 788 1598 testimoniales
810 1562 978 1598 eiusdem
1002 1562 1187 1598 Gabrielis
1211 1567 1382 1608 gerentes
1405 1563 1539 1599 datum
1562 1563 1620 1610 iij⁰
1642 1563 1703 1599 die

249 1621 388 1657 mensis
407 1621 430 1657 J
435 1621 513 1656 unii
533 1632 633 1656 anno
653 1621 757 1667 regni
779 1621 904 1667 regine
927 1621 1145 1657 Elizabethe
1169 1621 1365 1658 vndecimo
1390 1622 1559 1668 signatas
1581 1622 1704 1668 sigillo

247 1680 340 1716 dicti
357 1679 542 1716 Gabrielis
555 1683 594 1716 et
610 1683 849 1716 remanentes
866 1680 967 1727 apud
983 1681 1199 1727 Registrum
1216 1680 1318 1717 dicte
1335 1681 1596 1716 vniuersitatis

155 1737 381 1774 Conceditur
397 1741 420 1774 3
435 1739 459 1774 J
465 1739 543 1774 unii
561 1739 741 1785 magistro
761 1738 948 1774 Willelmo
965 1738 1182 1774 Chaderton
1201 1743 1243 1774 vt
1259 1739 1431 1775 studium
1450 1740 1567 1776 trium
1587 1752 1702 1776 anno-

248 1810 333 1834 rum
361 1798 400 1834 in
430 1797 618 1844 theclogia
647 1802 732 1845 post
761 1798 918 1844 gradum
950 1798 1264 1834 bachalaureatus
1293 1799 1332 1834 in
1363 1799 1494 1834 eadem
1524 1799 1702 1835 facultate

248 1860 464 1904 susceptum
482 1857 571 1892 licet
594 1869 668 1892 non
691 1857 854 1893 audierit
876 1857 1056 1893 lectiones
1080 1857 1289 1893 ordinarias
1311 1858 1519 1894 secundum
1542 1859 1703 1894 formam

248 1919 478 1952 statutorum
495 1928 580 1952 cum
598 1916 898 1963 oppositionibus
910 1915 1147 1951 sermonibus
1164 1920 1203 1951 et
1217 1917 1457 1963 responsione
1471 1917 1509 1953 in
1524 1918 1704 1965 vesperiis

249 1975 503 2022 proximorum
519 1975 758 2011 comitiorum
778 1979 818 2011 et
838 1975 922 2011 aliis
942 1975 1128 2011 exercitiis
1151 1987 1218 2022 per
1239 1979 1388 2012 statuta
1410 1977 1603 2023 requisitis
1626 1978 1702 2013 suf-

248 2034 349 2071 ficiat
365 2035 399 2070 ei
416 2035 464 2071 ad
481 2034 735 2082 incipiendum
750 2035 790 2071 in
803 2047 908 2071 sacra
926 2035 1114 2081 theologia
1164 2035 1410 2072 Presentatus
1427 2048 1493 2083 per
1508 2036 1701 2073 doctorem

249 2093 438 2141 Whitgyft
453 2097 492 2130 et
508 2093 695 2130 admissus
711 2093 842 2130 eodem

155 2151 382 2189 Conceditur
402 2155 444 2189 19
462 2153 686 2189 Novembris
702 2154 883 2200 magistro
899 2153 922 2189 J
926 2165 958 2189 0.
978 2153 1130 2190 Walker
1150 2157 1191 2190 vt
1213 2154 1385 2190 studium
1409 2154 1495 2201 iiij⁰=
1517 2167 1702 2191 annorum

250 2211 290 2248 in
306 2212 492 2259 theologia
512 2215 597 2259 post
619 2212 777 2259 gradum
799 2212 1113 2248 bachalaureatus
1135 2213 1174 2248 in
1198 2212 1328 2248 eadem
1352 2213 1533 2249 facultate
1554 2226 1702 2261 suscep-

249 2274 332 2307 tum
356 2282 442 2306 cum
464 2270 763 2318 oppositionibus
780 2271 1088 2318 responsionibus
1104 2271 1342 2307 sermonibus
1358 2275 1397 2308 et
1413 2272 1498 2308 aliis
1514 2274 1703 2309 exercitiis

249 2341 316 2377 per
335 2333 483 2366 statuta
506 2331 699 2377 requisitis
722 2331 884 2366 sufficiat
908 2331 943 2366 ei
967 2330 1016 2367 ad
1041 2331 1297 2378 incipiendum
1323 2332 1363 2367 in
1388 2343 1493 2367 sacra
1517 2332 1703 2378 theologia

255 2389 499 2425 Presentatus
515 2401 581 2436 per
596 2389 786 2425 doctorem
803 2390 994 2437 Whitgyft
1009 2393 1048 2426 et
1064 2390 1252 2426 admissus
1271 2393 1293 2426 3
1309 2390 1332 2426 J
1335 2390 1482 2426 anuarii

156 2447 298 2484 Eadem
314 2449 435 2495 gratia
451 2448 669 2484 conceditur
687 2451 731 2485 19
749 2449 974 2485 Novembris
994 2450 1176 2496 magistro
1193 2450 1300 2486 Geor.
1314 2449 1500 2486 Gardiner
1549 2450 1702 2487 Presen-

249 2510 354 2543 tatus
369 2519 435 2556 per
450 2507 640 2545 doctorem
659 2508 778 2544 Kelke
795 2512 834 2545 et
850 2508 1038 2546 admissus
1055 2512 1094 2546 2⁰
1110 2509 1134 2545 J
1136 2509 1204 2546 ulii

1468 2933 1598 2971 15—2
