2008 3294
341 185 428 226 414
923 199 1074 230 eliaca
1105 200 1227 231 BOOK
1260 199 1289 230 Δ
1668 188 1888 246 [1586-87

517 425 680 468 Gratiae
709 426 798 468 sive
831 426 1070 482 peticiones
1103 441 1190 468 non
1221 433 1530 469 concernentes
1559 425 1718 483 gradus

341 553 568 589 Conceditur
596 557 640 589 10
663 554 835 591 Octobris
860 568 946 591 cum
972 556 1152 602 magister
1177 556 1369 592 Arthurus
1395 556 1635 592 Hildersham
1659 555 1892 603 gravioribus

435 613 596 659 negociis
625 614 832 660 impeditus
860 614 1055 651 dialectice
1083 615 1225 651 lecture
1253 615 1323 651 hoc
1349 627 1448 651 anno
1476 615 1628 662 legende
1656 627 1788 651 vacare
1816 627 1891 651 non

435 673 554 718 possit
571 673 692 719 placet
709 673 875 710 vobisvt
893 675 1070 721 magister
1086 675 1250 710 Thomas
1268 674 1387 711 Mudd
1403 687 1487 711 eam
1503 675 1602 722 legat
1618 675 1699 711 eius
1716 675 1796 711 vice

342 730 570 767 Conceditur
587 735 608 767 8
628 732 718 768 Maii
742 736 784 768 vt
804 733 984 779 magister
1005 733 1155 781 Rowley
1176 734 1350 781 suppleat
1370 734 1469 771 vices
1491 734 1661 781 magistri
1678 735 1830 781 Brigges
1851 735 1891 771 in

436 789 578 826 lectura
595 789 865 826 mathematica

982 1005 1253 1062 Incorporati

342 1136 380 1167 5⁰
403 1133 426 1168 J
431 1132 497 1168 ulii
524 1133 700 1179 magister
724 1131 889 1168 Thomas
916 1131 1062 1168 Martia>
1083 1129 1122 1167 in
1151 1130 1344 1167 academia
1374 1131 1580 1168 Oxoniensi
1610 1132 1649 1168 in
1677 1132 1763 1180 jure
1792 1133 1892 1169 civili

435 1191 565 1228 doctor
586 1192 805 1228 admittitur
829 1195 870 1227 vt
893 1192 943 1227 sit
967 1191 1027 1227 hic
1051 1191 1090 1227 in
1113 1189 1254 1227 eisdem
1278 1190 1397 1237 gradu
1420 1191 1550 1228 ordine
1572 1195 1612 1228 et
1633 1204 1733 1228 anne
1755 1193 1894 1240 quibus

435 1251 509 1286 fuit
526 1250 564 1286 in
581 1250 684 1286 dicta
700 1250 892 1286 academia
909 1249 1111 1286 Oxoniensi

342 1309 483 1345 Eadem
499 1309 622 1356 gratia
637 1309 855 1345 conceditur
875 1311 918 1345 19
937 1309 1029 1344 Maii
1053 1308 1232 1354 magistro
1258 1308 1422 1345 Henrico
1447 1309 1640 1347 Whithers
1662 1323 1766 1347 sacre
1789 1311 1891 1347 theo—

436 1369 531 1415 logie
555 1368 820 1405 bacchalaureo
869 1371 890 1403 5
913 1368 936 1404 J
940 1368 1007 1404 ulii
1029 1368 1050 1404 J
1056 1367 1172 1404 acobo
1198 1367 1338 1404 Parker
1359 1368 1383 1404 J
1386 1381 1418 1405 o.
1444 1369 1609 1406 Braxton
1634 1370 1724 1406 Rob.
1750 1370 1894 1407 Burnet

436 1429 476 1464 in
493 1428 754 1464 Aberdunensi
773 1428 966 1465 academia
982 1428 1022 1463 in
1039 1426 1187 1463 artibus
1209 1427 1399 1474 magistris
1447 1427 1577 1464 eodem
1594 1428 1687 1466 Tho.
1710 1429 1894 1466 Dunskan

437 1488 514 1524 Ric.
535 1488 693 1524 Sandies
716 1488 794 1526 Ric.
814 1489 957 1524 Mercer
974 1487 1066 1524 Tho.
1085 1485 1299 1522 Wennham
1316 1487 1379 1523 W⁰
1396 1488 1485 1524 Stor
1535 1489 1578 1526 17
1591 1487 1615 1524 J
1618 1488 1699 1524 unii
1716 1489 1895 1536 magistro

438 1546 529 1583 Rob.
549 1547 723 1594 Thorney
740 1547 779 1583 in
797 1546 944 1583 artibus
961 1547 1141 1595 magistro

343 1606 570 1642 Conceditur
588 1609 632 1643 16
650 1606 868 1643 Decembris
886 1610 927 1642 vt
944 1607 1123 1654 magister
1139 1608 1326 1645 Emanuel
1344 1607 1547 1643 Barnesius
1563 1606 1615 1643 sit
1633 1606 1694 1644 hic
1710 1606 1811 1654 apud
1829 1619 1895 1644 vos

436 1665 576 1702 eisdem
594 1677 693 1702 anno
709 1666 839 1702 ordine
855 1670 895 1702 et
911 1666 1029 1713 gradu
1045 1667 1184 1714 quibus
1201 1670 1260 1704 est
1276 1668 1316 1704 in
1333 1666 1526 1703 academia
1543 1665 1741 1703 Basiliensi

150 1765 177 1803 f·
205 1765 280 1803 153
300 1778 325 1803 a
342 1772 570 1810 Conceditur
585 1775 629 1810 16
642 1772 860 1810 Decembris
902 1774 999 1810 Cum
1017 1773 1129 1810 multi
1147 1773 1427 1810 honoratissimi
1442 1772 1511 1808 viri
1522 1772 1646 1823 parati
1656 1774 1748 1809 sunt
1757 1772 1897 1810 donare

437 1844 613 1880 magnam
645 1833 792 1880 copiam
824 1832 1006 1869 librorum
1035 1833 1147 1870 modo
1171 1833 1332 1879 antiqua
1356 1831 1584 1868 bibliotheca
1608 1832 1833 1869 restituatur
1857 1833 1895 1869 in

437 1892 642 1940 pristinum
667 1904 776 1929 vsum
801 1893 925 1941 placet
949 1892 1056 1930 vobis
1082 1896 1124 1930 vt
1147 1893 1324 1930 dominus
1347 1891 1670 1928 vicecancellarius
1693 1895 1731 1928 et
1753 1891 1895 1928 domini

437 1956 697 2001 procuratores
729 1953 876 2000 possint
907 1955 1032 1990 vestra
1060 1954 1287 1990 auctoritate
1316 1952 1363 1989 do
1391 1964 1576 1988 consensu
1600 1952 1752 1989 maioris
1777 1953 1897 2000 partis

437 2012 689 2060 prefectorum
715 2011 954 2059 collegiorum
979 2012 1050 2049 hoc
1072 2012 1266 2060 negocium
1290 2023 1464 2059 peragere
1487 2014 1526 2047 et
1548 2011 1777 2060 constituere
1799 2012 1895 2048 ordi-

438 2084 525 2108 nem
553 2084 621 2120 pro
649 2072 724 2108 illis
753 2072 978 2109 lectionibus
1002 2076 1041 2109 et
1065 2073 1254 2109 exercitiis
1278 2083 1353 2120 que
1379 2083 1478 2108 nunc
1505 2071 1544 2107 in
1570 2071 1635 2108 illa
1659 2071 1786 2108 schola
1810 2084 1894 2108 con-

437 2134 642 2169 sueverunt
666 2131 791 2178 peragi

343 2190 571 2227 Conceditur
591 2193 634 2227 16
653 2189 869 2227 Decembris
886 2194 929 2227 vt
946 2191 1116 2238 magistri
1141 2190 1346 2227 Hurleston
1364 2193 1403 2227 et
1421 2189 1594 2227 Osburne
1610 2190 1689 2226 sint
1705 2189 1896 2227 auditores

437 2251 531 2287 ciste
557 2250 757 2287 Trinitatis
782 2250 862 2287 vice
885 2251 1151 2298 magistrorum
1176 2250 1333 2287 Preston
1357 2252 1396 2287 et
1420 2248 1610 2297 Fotherby
1668 2252 1708 2286 et
1725 2251 1895 2297 magistri

436 2308 471 2345 d.
499 2309 616 2346 Perne
638 2313 677 2345 et
701 2308 780 2345 Bell
804 2301 995 2346 auditores
1017 2309 1111 2346 ciste
1134 2309 1346 2346 communis
1369 2308 1449 2345 vice
1471 2308 1709 2345 dominorum
1733 2309 1838 2346 Goad
1858 2313 1897 2347 et

441 2369 558 2415 Legge
606 2372 645 2404 et
665 2367 795 2404 Foster
811 2368 862 2404 sit
879 2370 1007 2405 custos
1024 2368 1118 2405 ciste
1136 2367 1368 2417 Billyngford
1391 2370 1431 2405 ot
1451 2367 1601 2404 Bowser
1624 2368 1703 2405 vice
1726 2369 1895 2416 magistri

438 2427 590 2464 Calvert
639 2427 807 2475 magistri
826 2427 848 2463 J
852 2427 1021 2464 ohannes
1041 2427 1279 2465 Hammonde
1295 2430 1335 2464 et
1348 2427 1504 2464 Carolus
1517 2427 1708 2476 Fotherby
1721 2428 1896 2466 custodes

442 2487 516 2523 Fen
534 2491 573 2523 et
592 2485 708 2523 Neale
726 2486 805 2522 vioe
823 2486 992 2533 magistri
1012 2485 1094 2522 Dod
1113 2490 1151 2523 et
1171 2486 1294 2523 Reade

344 2545 572 2582 Conceditur
601 2548 647 2582 20
675 2544 851 2581 Januarii
882 2547 923 2580 vt
951 2544 1059 2580 litere
1088 2544 1199 2581 modo
1227 2544 1322 2581 lecte
1350 2544 1493 2581 scilicet
1521 2543 1568 2581 ad
1598 2544 1770 2582 dominos
1799 2546 1897 2593 regie

440 2604 629 2641 maiestati
647 2616 670 2640 a
687 2603 853 2640 consiliis
870 2602 1083 2651 sigillentur
1099 2603 1221 2651 sigillo
1238 2606 1363 2640 vestro
1379 2603 1571 2640 communi
1627 2603 1758 2641 eadem
1774 2606 1897 2652 gratia

438 2663 655 2701 conceditur
687 2666 729 2699 19.
758 2662 866 2700 Junii
927 2661 1057 2699 eadem
1087 2662 1209 2710 gratia
1242 2661 1462 2699 conceditur
1492 2665 1514 2698 8
1550 2662 1639 2699 Maii
1673 2663 1817 2701 seilicet
1848 2664 1895 2702 ad

438 2723 633 2760 domiuum
662 2713 935 2759 Cancellarium
963 2722 1098 2769 Anglie

345 2781 573 2819 Conceditur
594 2784 633 2819 17
655 2780 846 2817 Februarii
866 2780 1044 2828 magistro
1067 2780 1211 2817 Thomo
1236 2779 1270 2816 N
1273 2791 1458 2817 ewcomen
1481 2791 1585 2817 sacre
1606 2780 1790 2829 theologie
1812 2781 1895 2819 bae-

439 2841 638 2878 chanun-00
668 2845 710 2877 vt
737 2840 789 2876 sit
823 2851 919 2877 vnus
951 2852 996 2877 ex
1029 2839 1226 2877 duodecim
1262 2838 1558 2887 predicatoribus
1592 2840 1662 2877 hoc
1695 2852 1794 2878 anno
1830 2853 1897 2890 per

440 2900 671 2938 academiam
701 2897 921 2937 emittendis
949 2899 1004 2937 sie
1033 2903 1075 2937 vt
1103 2910 1217 2948 super
1246 2898 1315 2936 hac
1348 2902 1474 2936 vestra
1502 2899 1740 2937 concessione
1768 2899 1896 2938 literas
