2008 3294
183 168 401 224 1575-76]
773 178 923 210 cRAcn
954 178 1078 210 BooK
1109 178 1139 209 Δ
1642 168 1724 210 295

275 283 407 320 vltimo
424 283 616 320 Februarii
635 283 798 320 Roberto
811 283 930 320 Gracc
942 283 982 318 in
995 282 1143 319 artibus
1156 282 1335 329 magistro
1384 284 1406 318 3
1420 281 1549 317 Martii
1564 280 1727 317 Roberto

274 342 445 379 Thaoker
472 343 496 378 J
499 355 529 379 ο.
563 342 746 379 Handson
775 342 830 389 ju.
861 342 902 378 in
935 341 1084 378 artibus
1113 340 1306 388 magistris
1354 343 1377 376 6
1407 339 1537 376 Martii
1567 339 1728 376 Ricardo

275 401 442 438 Osborne
459 402 498 438 in
514 402 663 438 artibus
679 402 859 448 magistro

180 462 231 497 Et
259 465 303 497 25
331 462 421 497 Maii
448 462 555 498 litere
578 461 627 498 ad
652 461 922 508 predicandum
946 462 1178 496 renovantur
1200 462 1240 495 et
1265 458 1525 495 conceduntur
1550 458 1729 505 magistro

276 521 339 556 W⁰
356 521 526 557 Redman
543 533 648 557 sacre
673 520 858 567 theologie
883 519 1154 556 bacchalaurco
1304 508 1313 515 ⁷

181 579 407 615 Conceditur
423 582 469 615 24
482 579 656 616 Octobris
674 579 833 615 Ricardo
852 579 963 614 Hunt
980 578 1019 614 in
1036 577 1183 614 artibus
1201 578 1381 624 magistro
1397 580 1436 613 et
1453 589 1573 624 nuper
1586 577 1728 625 collegii

274 642 402 674 sancte
420 638 620 674 Trinitatis
637 638 873 685 pensionario
891 641 933 674 vt
951 637 1088 674 habeat
1104 637 1235 673 literas
1254 636 1394 684 gradus
1416 639 1456 672 et
1477 636 1727 672 conversacio-

274 697 334 733 nis
349 709 416 733 sue
432 697 616 744 sigillatas
632 696 753 743 sigillo
771 700 895 733 vestro
911 696 1103 732 communi

180 755 321 792 Eadem
337 755 458 802 gratia
473 755 690 792 conceditur
708 758 749 792 11
770 755 861 791 Maii
879 754 1060 802 magistro
1078 753 1239 790 Ricardo
1256 754 1368 790 Some

180 814 407 851 Conceditur
430 818 468 850 2⁰
490 814 708 851 Decembris
729 826 849 861 quum
875 813 998 850 celum
1024 813 1076 849 sit
1103 812 1211 849 valde
1235 813 1528 860 intemperatum
1551 818 1590 849 et
1613 813 1730 860 pestis

274 873 451 910 violentia
468 874 587 910 indies
605 874 724 920 magis
743 876 781 910 et
802 874 921 920 magis
941 874 1085 909 crescat
1101 875 1144 908 vt
1162 872 1348 908 terminus
1368 871 1480 908 hodie
1500 871 1731 909 dissolvatur

275 944 393 980 vsque
403 933 452 969 ad
465 936 508 969 13
519 933 619 969 diem
633 933 655 968 J
660 932 806 968 anuarii
850 932 911 967 Ita
921 934 1051 967 tamen
1068 932 1111 966 vt
1127 930 1275 978 singula
1290 931 1444 978 collegia
1458 931 1561 967 domi
1578 943 1730 968 consue-

275 994 335 1027 tas
352 991 641 1028 exercitaciones
657 991 857 1027 observent
873 1003 992 1038 vsque
1008 991 1056 1026 ad
1078 991 1191 1026 finem
1215 990 1367 1026 termini
1393 994 1432 1027 et
1451 990 1732 1038 disputaciones

275 1051 427 1087 interim
444 1050 564 1087 fiende
581 1051 620 1086 in
639 1050 875 1098 philosophia
891 1061 959 1098 pro
976 1049 1118 1086 habitis
1138 1052 1363 1086 censeantur
1378 1049 1427 1086 ad
1444 1050 1644 1097 magistros
1664 1050 1731 1098 qui

275 1109 418 1146 interea
440 1109 622 1158 temporis
643 1109 885 1156 disputarent
906 1109 961 1145 sic
984 1111 1026 1145 vt
1050 1108 1206 1145 bedellis
1227 1109 1378 1145 solvant
1399 1112 1618 1146 consuetam
1643 1122 1730 1158 pen-

275 1181 420 1205 clonem

181 1228 410 1266 Conceditur
432 1232 454 1264 4
478 1228 570 1264 Maii
595 1230 637 1264 vt
662 1228 841 1274 magister
864 1227 887 1264 J
891 1240 981 1264 ones
1005 1228 1186 1275 fungatur
1212 1228 1292 1264 vice
1317 1228 1487 1275 magistri
1515 1228 1667 1276 Duffyld
1693 1229 1732 1265 in

276 1288 534 1336 philosophica.
561 1287 786 1335 prolectione
810 1287 876 1335 qui
901 1300 988 1324 cum
1014 1288 1233 1324 necessariis
1263 1287 1425 1334 negociis
1449 1287 1502 1323 sit
1526 1287 1733 1335 impeditus

275 1347 404 1384 adesse
421 1347 586 1394 presenti
604 1347 767 1384 termino
784 1359 859 1384 non
876 1348 999 1395 possit

181 1407 409 1445 Conceditur
428 1411 471 1444 19
487 1408 510 1444 J
515 1407 594 1444 unii
613 1410 655 1444 vt
671 1408 799 1444 concio
815 1408 864 1444 ad
880 1407 1022 1444 clerum
1038 1407 1086 1444 ad
1103 1419 1219 1455 quam
1236 1411 1390 1443 tenetur
1412 1408 1591 1454 magister
1614 1408 1734 1445 Lucas

276 1467 416 1515 Gilpyn
448 1467 594 1503 ratione
625 1467 764 1514 gradus
796 1468 855 1503 sui
889 1467 1118 1515 suscipiendi
1143 1467 1264 1515 possit
1288 1467 1428 1503 differri
1456 1467 1495 1503 in
1521 1467 1732 1514 proximum

276 1526 481 1563 terminum
504 1526 683 1574 quoniam
706 1526 810 1573 gravi
833 1525 964 1562 morbo
985 1529 1182 1574 correptus
1204 1538 1280 1562 non
1303 1529 1430 1573 potest
1452 1529 1542 1562 ante
1565 1527 1734 1573 proxima

276 1587 429 1623 comitia
444 1598 528 1623 eam
546 1587 720 1633 perficere
741 1586 796 1622 sic
819 1588 862 1622 vt
883 1586 1042 1623 eandem
1065 1586 1282 1622 concionem
1305 1590 1459 1633 peragat
1482 1589 1572 1622 ante
1594 1587 1734 1623 festum

277 1708 561 1752 procuratorum
578 1707 668 1740 ante
684 1705 766 1755 eius
783 1705 1050 1741 admissionem
1101 1705 1296 1752 (forisfecit
1314 1706 1446 1753 mary.)

182 1764 409 1801 Conceditur
433 1767 480 1800 30
503 1765 525 1800 J
531 1764 610 1800 unii
636 1767 679 1800 vt
702 1765 971 1802 determinacio
995 1766 1043 1802 ad
1067 1778 1183 1812 quam
1209 1768 1361 1802 tenetur
1394 1766 1572 1812 magister
1603 1765 1735 1802 doctor

278 1823 485 1870 Dorington
503 1823 624 1871 possit
640 1823 781 1860 differri
799 1824 838 1859 in
861 1824 1075 1870 proximum
1098 1824 1305 1860 terminum
1328 1824 1419 1870 quia.
1440 1823 1570 1860 morbo
1589 1835 1733 1871 correp·

278 1885 341 1918 tus
358 1894 432 1918 non
450 1883 570 1929 possit
585 1882 743 1919 eandem
761 1886 930 1930 tempore
947 1883 1139 1929 assignato
1156 1884 1331 1930 perficere

182 1943 410 1979 Conceditur
426 1946 449 1979 6
466 1943 488 1978 J
493 1943 558 1979 ulii
579 1943 752 1990 Philippo
770 1943 959 1990 Birganno
978 1943 1193 1990 Bignonneo
1218 1945 1259 1978 vt
1279 1942 1408 1978 literas
1429 1941 1567 1978 habeat
1590 1946 1735 1978 vestras

280 2006 403 2038 vestro
425 2003 614 2038 communi
640 2003 762 2049 sigillo
785 2003 968 2049 sigillatas
991 2002 1215 2039 eruditionis
1234 2002 1374 2038 laboris
1396 2005 1436 2038 et
1462 2002 1646 2038 industrie
1668 2015 1734 2038 sue

279 2061 315 2097 in
336 2061 490 2108 legendo
506 2058 679 2098 h'ebraice
695 2063 874 2110 privatim
895 2065 935 2098 et
955 2063 1103 2110 publice
1123 2061 1307 2109 quamdiu
1329 2064 1502 2098 versatus
1524 2064 1582 2097 est
1602 2062 1641 2097 in
1665 2062 1734 2098 hac

280 2124 405 2157 vestra
421 2122 613 2158 academia
