2008 3294
169 179 248 222 157
255 178 387 235 5-76]
756 190 908 222 omos
940 190 1063 221 Boon
1094 189 1125 220 Δ
1627 179 1711 220 293

540 535 850 578 Bacchalaurei
882 535 927 577 in
958 550 1080 577 sacra
1111 534 1334 591 theologia

164 659 392 696 Conceditur
407 663 430 697 6
449 662 579 697 Martii
602 662 783 708 magistro
799 662 857 697 Jo.
878 662 1034 698 Lawson
1052 664 1095 696 vt
1111 660 1282 696 studium
1300 662 1320 698 7
1338 672 1524 696 annorum
1546 660 1585 696 in
1608 659 1711 695 theo-

258 719 355 766 logia
371 724 573 766 postquam
591 721 729 756 rexerit
746 721 785 756 in
802 720 952 756 artibus
968 732 1052 756 cum
1078 719 1384 767 opposicionibus
1406 718 1714 767 responsionibus

258 779 492 817 sermonibus
508 783 547 815 et
564 780 650 816 aliis
665 780 854 816 exercitiis
869 792 937 827 per
952 783 1102 817 statuta
1118 780 1313 827 requisitis
1329 780 1491 815 sufficiat
1509 779 1543 815 ei
1561 781 1641 815 tam
1663 778 1713 814 ad

257 838 521 886 opponendum
537 852 652 886 quam
668 840 716 876 ad
734 840 956 876 intrandum
974 840 1014 875 in
1031 851 1138 876 sacra
1154 839 1343 886 theologia

165 895 306 931 Eadem
335 897 457 943 gratia
487 897 706 934 conceditur
738 901 760 933 4
795 898 886 934 Maii
920 898 1102 945 magistro
1136 898 1166 932 F
1167 909 1267 934 rane.
1299 896 1503 933 Garthside
1532 896 1712 943 magistro

258 955 456 1002 Radulpho
473 956 495 992 J
499 967 589 992 ones
606 956 786 1002 magistro
802 956 825 991 J
828 968 860 992 o.
881 957 1059 992 Persivall
1081 956 1260 1003 magistro
1285 956 1461 991 Michaeli
1480 955 1616 992 Warde
1634 966 1711 991 tna·

256 1015 373 1061 gistro
390 1016 480 1052 Tho.
500 1016 611 1052 Ware
661 1019 705 1052 18
724 1016 815 1052 Maii
833 1016 1014 1063 magistro
1026 1016 1050 1052 J
1053 1028 1084 1052 o.
1101 1015 1362 1052 Knewstubbe
1375 1015 1557 1062 magistro
1569 1014 1593 1050 J
1595 1014 1712 1050 acobo

256 1074 393 1122 Taylor
440 1077 486 1112 26
504 1075 595 1111 Maii
614 1075 795 1122 magistro
813 1075 973 1111 Ricardo
993 1075 1167 1111 Fletcher
1219 1078 1242 1110 8
1262 1075 1286 1110 J
1290 1074 1370 1111 unii
1395 1074 1578 1121 magistro
1602 1074 1711 1110 Lucae

257 1134 396 1182 Gilpyn
413 1135 592 1181 magistro
611 1135 775 1171 Roberto
792 1135 965 1171 Thacker

162 1193 388 1230 Conceditur
405 1197 427 1230 8
443 1195 467 1230 J
470 1195 549 1230 unii
568 1207 648 1231 mro
664 1195 687 1230 J
690 1207 721 1231 0.
742 1195 955 1242 Maplisden
973 1198 1014 1231 vt
1030 1195 1202 1232 studium
1220 1197 1241 1232 7
1258 1206 1446 1230 annorum
1464 1194 1503 1230 in
1524 1193 1712 1240 theologia

255 1255 457 1299 postquam
474 1254 611 1290 rexerit
627 1255 666 1290 in
684 1253 831 1290 artibus
847 1266 934 1290 cum
951 1254 1253 1301 opposicionibus
1271 1252 1577 1300 responsionibus
1587 1256 1627 1288 et
1637 1265 1712 1289 vno

256 1324 426 1348 sermone
451 1312 499 1348 ad
525 1312 707 1360 populum
734 1313 774 1349 in
802 1313 991 1350 academie
1018 1314 1160 1361 templo
1186 1316 1225 1350 et
1251 1313 1370 1350 altero
1392 1313 1440 1349 ad
1462 1324 1612 1349 crucem
1633 1312 1712 1349 divi

259 1371 364 1408 Pauli
381 1372 543 1408 sufficiat
561 1372 596 1408 ei
619 1373 700 1408 tam
722 1371 771 1408 ad
793 1372 1060 1420 opponendum
1081 1384 1198 1420 quam
1220 1372 1269 1409 ad
1298 1371 1520 1409 intrandum
1543 1372 1583 1408 in
1606 1383 1712 1408 sacra

257 1431 443 1479 theologia

163 1490 390 1527 Conceditur
404 1490 535 1527 eodem
552 1490 732 1537 magistro
748 1490 771 1526 J
774 1502 805 1527 0.
825 1490 966 1527 Freake
983 1494 1025 1527 vt
1041 1490 1210 1528 studium
1230 1492 1251 1528 7
1269 1502 1454 1526 annorum
1471 1490 1510 1526 in
1525 1490 1712 1537 theologia

256 1553 457 1598 postquam
490 1550 627 1587 rexerit
656 1550 695 1586 in
723 1549 870 1587 artibus
898 1563 985 1588 cum
1013 1563 1088 1587 vno
1116 1562 1288 1587 sermone
1316 1550 1365 1586 ad
1393 1550 1534 1586 clerum
1561 1562 1636 1586 vno
1663 1549 1712 1587 ad

257 1610 438 1657 populum
455 1610 494 1646 in
511 1609 700 1646 academie
716 1610 858 1656 templo
874 1614 913 1646 et
930 1622 1003 1646 vno
1027 1610 1075 1647 ad
1095 1621 1244 1646 crucem
1263 1609 1342 1646 divi
1365 1610 1471 1646 Pauli
1491 1609 1656 1646 sufficiat
1677 1610 1712 1646 ei

258 1673 338 1706 tam
355 1669 403 1706 ad
420 1670 684 1717 opponendum
701 1683 815 1718 quam
832 1669 881 1706 ad
898 1670 1120 1706 intrandum
1138 1671 1177 1706 in
1196 1682 1302 1706 sacra
1318 1670 1506 1717 theologia

162 1729 390 1766 Conceditur
405 1728 535 1765 eodem
553 1730 732 1777 magistro
751 1729 937 1766 Willelmo
955 1729 1144 1765 Atkinson
1163 1732 1204 1765 vt
1221 1729 1393 1765 studium
1418 1732 1437 1767 7
1461 1742 1648 1767 annorum
1672 1731 1712 1767 in

257 1789 442 1835 theologia
458 1792 659 1836 postquam
675 1789 812 1825 rexerit
829 1789 868 1824 in
886 1788 1033 1824 artibus
1049 1801 1135 1824 cum
1153 1788 1457 1836 opposicionibus
1475 1802 1548 1826 vna
1562 1802 1711 1838 respon-

257 1849 361 1884 sione
374 1849 412 1884 in
426 1848 487 1884 die
498 1849 739 1885 comitiorum
757 1849 1011 1896 proximorum
1025 1849 1238 1884 futurorum
1253 1849 1462 1895 peragenda
1475 1849 1714 1886 sermonibus

255 1913 295 1944 et
310 1908 394 1944 aliis
410 1908 596 1944 exercitiis
614 1921 679 1955 per
695 1912 843 1944 statuta
860 1908 1054 1955 requisitis
1066 1909 1229 1944 sufficiat
1241 1908 1275 1944 ci
1291 1911 1370 1944 tam
1383 1908 1430 1944 ad
1445 1909 1712 1955 opponendum

257 1979 371 2013 quam
389 1966 436 2002 ad
454 1966 674 2003 intrandum
692 1967 731 2002 in
749 1979 854 2002 sacra
870 1966 1057 2013 theologia
1073 1966 1126 2002 sic
1145 1971 1186 2002 vt
1202 1966 1432 2002 admittatur
1448 1967 1496 2003 ad
1514 1968 1697 2014 placitum

164 2026 391 2063 Conceditur
411 2029 455 2062 19
471 2026 494 2062 J
498 2026 577 2062 unii
596 2026 775 2072 magistro
791 2026 855 2063 W⁰
873 2026 1018 2062 Fenton
1036 2030 1078 2062 vt
1099 2025 1270 2062 studium
1292 2028 1311 2063 7
1333 2038 1520 2062 annorum
1544 2027 1583 2062 in
1608 2028 1713 2063 theo·

257 2085 354 2131 logia
370 2089 572 2131 postquam
590 2085 726 2120 rexerit
743 2085 782 2120 in
799 2084 946 2120 artibus
958 2097 1046 2120 cum
1060 2096 1134 2120 vna
1146 2085 1389 2132 responsione
1402 2089 1442 2121 et
1455 2097 1529 2121 vno
1542 2098 1714 2122 sermone

257 2143 306 2179 ad
323 2143 504 2190 populum
522 2143 560 2179 in
577 2142 766 2179 academie
783 2143 924 2190 templo
940 2147 980 2179 et
997 2155 1071 2179 vno
1087 2155 1258 2179 sermone
1274 2143 1322 2179 ad
1339 2155 1489 2180 crucem
1507 2143 1587 2180 divi
1607 2145 1713 2181 Pauli

260 2202 421 2238 sufficiat
437 2202 470 2238 ei
488 2204 567 2238 tam
584 2201 632 2238 ad
649 2201 913 2249 opponendum
930 2214 1045 2249 quam
1059 2201 1107 2238 ad
1120 2202 1342 2239 intrandum
1355 2202 1394 2238 in
1409 2215 1515 2239 sacra
1528 2203 1715 2251 theologia

167 2261 395 2297 Conceditur
410 2264 458 2297 30
473 2262 495 2297 J
499 2262 579 2297 unii
597 2262 777 2308 magistro
796 2262 939 2308 Rogero
957 2262 1105 2298 Broune
1123 2264 1164 2298 vt
1179 2261 1350 2298 studium
1367 2266 1512 2309 septem
1529 2275 1714 2300 annorum
1732 2262 1757 2300 f.
1784 2262 1858 2300 119
1879 2276 1903 2300 a

260 2320 300 2355 in
317 2320 502 2366 theologia
518 2323 720 2367 postquam
738 2320 874 2356 rexerit
891 2321 930 2356 in
948 2320 1094 2356 artibus
1111 2333 1198 2357 cum
1215 2321 1518 2368 opposicionibus
1530 2323 1713 2369 responsi-

260 2378 395 2414 onibus
411 2377 645 2414 sermonibus
661 2381 700 2414 et
715 2378 800 2414 aliis
816 2379 1004 2415 exercitiis
1027 2391 1093 2426 per
1114 2382 1262 2415 statuta
1284 2380 1477 2426 requisitis
1496 2381 1659 2417 sufficiat
1680 2382 1715 2418 ei

264 2441 341 2474 tam
357 2437 405 2473 ad
421 2437 686 2484 opponendum
703 2449 818 2485 quam
834 2438 883 2474 ad
900 2438 1121 2475 intrandum
1138 2439 1177 2475 in
1195 2450 1300 2475 sacra
1316 2439 1502 2486 theologia

170 2494 309 2531 Eodem
333 2494 553 2531 conceditur
577 2495 698 2532 eidem
723 2500 765 2532 vt
789 2496 918 2532 concio
942 2495 991 2532 ad
1015 2496 1156 2532 clerum
1180 2497 1229 2533 ad
1253 2508 1370 2544 quam
1395 2500 1547 2534 tenetur
1570 2499 1717 2536 ratione

260 2553 398 2601 gradus
413 2555 472 2591 sui
489 2555 717 2602 suscipiendi
734 2556 854 2602 possit
866 2555 1006 2592 differri
1020 2557 1060 2592 in
1074 2557 1287 2604 proximum
1300 2557 1506 2594 terminum
1519 2558 1573 2594 sic
1586 2561 1715 2595 tamen

261 2615 304 2649 vt
335 2615 537 2660 peragatur
556 2616 658 2680 nante
690 2614 830 2650 festum
861 2615 1078 2652 nativitatis
1111 2616 1264 2652 Domini
1295 2616 1508 2663 proximum
1543 2617 1712 2655 futurum

261 2732 405 2768 sionem
454 2733 614 2780 <peregit
630 2733 792 2781 maryin)
