2008 3294
156 186 375 243 1581-82]
737 199 890 232 emor:
919 199 1045 232 BooK
1075 200 1106 231 Δ
1616 189 1700 232 347

759 656 1090 712 [1581-1582]

149 799 310 842 Gratiae
345 800 436 843 sive
477 800 717 858 peticiones
751 816 950 845 concesse
991 801 1038 844 in
1078 802 1208 859 plena
1243 801 1578 859 congregacione
1620 801 1704 843 Re-

264 871 463 926 gentium
510 876 556 914 et
603 885 688 913 non
735 870 1002 928 Regentium
1049 887 1074 912 a
1119 871 1229 914 festo
1276 871 1428 915 Sancti
1480 870 1704 914 Michaelis

265 940 529 999 Archangeli
573 956 688 985 anno
735 941 899 984 domini
943 944 1054 984 1581
1098 957 1232 999 vsque
1272 941 1388 985 idem
1430 943 1589 986 festum
1631 957 1703 985 ex-

265 1016 372 1054 tunc
397 1011 592 1069 proxime
620 1027 806 1069 sequens
835 1012 1041 1069 magistro
1067 1012 1142 1055 W⁰
1166 1012 1307 1055 Fulke
1336 1028 1453 1056 sacre
1485 1013 1704 1070 theologie

265 1082 503 1137 professore
539 1081 872 1138 procancellario
908 1087 953 1125 et
990 1082 1208 1138 magistris
1240 1081 1271 1125 J
1273 1082 1444 1126 ohanne
1479 1082 1510 1125 J
1512 1097 1622 1140 egon
1659 1089 1705 1125 et

267 1150 458 1194 Roberto
489 1152 662 1208 Lylesse
690 1152 1042 1208 procuratoribus
1070 1158 1116 1195 et
1143 1152 1210 1196 Jo.
1233 1152 1375 1210 Amye
1403 1158 1448 1196 et
1474 1152 1547 1196 W⁰
1569 1153 1704 1195 Stone

264 1221 535 1264 taxatoribus
577 1226 624 1263 et
666 1220 858 1264 Henrico
899 1221 1050 1278 Hayes
1091 1228 1137 1264 et
1178 1221 1348 1265 Greeke
1390 1222 1703 1264 scrutatoribus

264 1296 310 1333 et
342 1291 513 1334 Mattho
545 1290 708 1348 Stokys
739 1290 991 1348 registrario

146 1428 374 1465 Conceditur
404 1431 448 1465 12
478 1428 653 1465 Octobris
682 1431 725 1466 vt
753 1428 930 1465 dominus
958 1429 1284 1465 vicecancellarius
1312 1429 1485 1465 doctores
1515 1429 1701 1466 Howland

241 1487 335 1523 Yale
359 1491 399 1523 et
428 1486 598 1523 Hatcher
623 1490 663 1523 et
691 1488 860 1534 magistri
889 1487 1052 1535 Tyndall
1080 1490 1119 1523 et
1145 1487 1323 1524 dominus
1353 1487 1541 1524 Robertus
1567 1488 1702 1525 Comes

242 1547 474 1583 Essexiensis
498 1546 577 1582 sint
601 1551 717 1594 caput
741 1549 896 1583 senatus
920 1547 1039 1583 futuri
1065 1547 1154 1582 anni

147 1605 244 1642 Cum
269 1609 313 1642 12
337 1605 511 1642 Octobris
536 1608 624 1642 1581
650 1605 819 1653 quinque
842 1606 912 1642 viri
935 1606 1041 1642 iuxta
1063 1606 1224 1642 formam
1246 1607 1385 1643 statuti
1408 1606 1496 1643 inde
1518 1606 1610 1642 editi
1634 1618 1702 1653 pro

240 1665 364 1712 capite
396 1667 551 1701 senatus
583 1665 769 1700 nominati
802 1665 965 1701 fuissent
993 1668 1032 1701 et
1061 1676 1157 1701 vnus
1185 1677 1316 1702 eorum
1345 1666 1439 1702 illud
1469 1678 1564 1702 onus
1593 1666 1632 1701 in
1661 1678 1701 1702 se

241 1724 404 1772 recipere
436 1727 642 1770 antequam
675 1735 804 1760 eorum
838 1724 1048 1760 nominacio
1082 1724 1121 1760 in
1154 1728 1290 1760 senatu
1323 1737 1391 1772 per
1422 1725 1585 1761 alterum
1619 1737 1700 1772 pro-

240 1785 451 1819 curatorem
479 1783 782 1830 promulgaretur
810 1783 1040 1819 recusaverit
1068 1783 1217 1829 questio
1243 1788 1328 1819 orta
1354 1788 1413 1819 est
1439 1796 1488 1819 an
1515 1796 1635 1820 novus
1661 1785 1700 1820 in

240 1842 449 1878 recusantis
471 1841 595 1878 locum
617 1841 838 1888 eligentium
863 1842 1015 1888 punctis
1037 1842 1202 1878 secundo
1223 1842 1491 1890 subrogaretur
1513 1854 1561 1879 an
1585 1844 1701 1879 maxi-

238 1912 325 1936 mus
356 1900 480 1936 senior
511 1900 594 1936 eius
617 1900 759 1936 ordinis
783 1900 862 1936 sive
887 1901 1082 1936 facultatis
1106 1901 1404 1938 substitueretur
1453 1905 1500 1938 20
1528 1903 1702 1939 Octobris

242 1962 330 1995 1581
353 1971 419 2006 per
438 1959 792 2007 interpretacionem
813 1959 957 1995 domini
980 1959 1144 1996 doctoris
1169 1961 1286 1996 Perne
1303 1961 1594 1998 vicecancellarii
1617 1962 1701 1998 doc-

240 2022 367 2055 torum
398 2018 576 2054 Hawford
607 2018 726 2054 Fulke
755 2018 861 2055 Goad
891 2019 1057 2066 Norgate
1088 2020 1219 2066 Harvy
1246 2023 1284 2055 et
1315 2020 1434 2066 Legge
1463 2027 1502 2056 et
1530 2022 1701 2067 magistri

239 2077 400 2126 Tyndall
435 2077 652 2114 huiusmodi
684 2077 877 2114 dubitacio
910 2077 1060 2114 sublata
1092 2082 1151 2114 est
1183 2078 1520 2115 determinantium
1557 2080 1701 2116 scilicet
1719 2079 1745 2118 f.
1771 2080 1846 2121 135
1866 2095 1890 2119 a

237 2148 377 2172 novum
394 2136 613 2182 eligentium
630 2136 783 2182 punctis
800 2135 924 2172 denuo
940 2136 1210 2182 assignandum
1228 2137 1306 2173 fore
1323 2138 1506 2184 quamdiu
1528 2150 1701 2185 procura-

237 2199 337 2232 tores
364 2196 584 2231 electionem
615 2195 655 2230 in
685 2199 822 2231 senatu
852 2207 927 2231 non
957 2196 1252 2242 significaverint
1278 2196 1344 2232 sed
1371 2199 1459 2244 post
1484 2197 1700 2234 huiusmodi

237 2254 549 2301 significacionem
577 2254 740 2290 maxime
764 2254 950 2290 seniorem
975 2265 1056 2290 esse
1080 2254 1393 2292 substituendum

145 2313 200 2350 Ex
226 2314 306 2350 coll.
338 2314 438 2350 Petri
494 2313 723 2350 Conceditur
753 2316 797 2350 13
828 2314 918 2350 Maii
952 2316 1038 2350 1581
1073 2314 1289 2351 Abrahamo
1320 2315 1502 2363 Flemyng
1532 2316 1632 2352 Petri
1659 2320 1701 2351 vt

239 2375 283 2409 12
300 2373 453 2408 termini
478 2373 655 2420 completi
681 2373 721 2408 in
744 2372 883 2419 quibus
907 2373 1086 2409 lectiones
1111 2374 1318 2410 ordinarias
1340 2375 1487 2411 audivit
1511 2375 1599 2411 licet
1624 2387 1698 2410 nou

238 2432 391 2468 omnino
408 2432 616 2468 secundum
633 2432 791 2468 formam
809 2433 946 2468 statuti
969 2444 1055 2468 cum
1077 2433 1378 2480 oppositionibus
1396 2435 1700 2482 responsionibus

237 2494 277 2527 et
298 2491 384 2527 aliis
407 2491 593 2527 exercitiis
614 2503 681 2538 per
705 2495 853 2528 statuta
874 2492 974 2538 regia
997 2492 1189 2539 requisitis
1211 2493 1401 2529 sufficiant
1422 2494 1455 2529 ei
1478 2493 1526 2530 ad
1549 2506 1698 2541 respon-

239 2550 405 2586 dendum
430 2550 621 2596 questioni

144 2609 168 2645 J
170 2621 237 2646 esu
286 2609 428 2646 Eadem
444 2609 566 2656 gratia
583 2609 802 2646 conceditur
818 2612 864 2646 26
883 2609 975 2645 Maii
992 2609 1122 2646 eodem
1139 2621 1240 2646 anno
1257 2610 1390 2647 Franc.
1409 2611 1510 2657 Gage
1526 2611 1550 2646 J
1552 2623 1619 2647 esu

145 2669 253 2716 Corp.
273 2668 415 2706 Christi
466 2669 516 2704 Et
534 2671 580 2704 20
597 2668 772 2705 Octobris
790 2668 881 2706 Rob.
901 2669 1038 2716 Smyth
1056 2669 1232 2716 Corporis
1249 2669 1391 2705 Christi

145 2727 287 2764 Eadem
316 2728 437 2774 gratia
465 2727 685 2763 conceditur
709 2739 755 2764 ex
781 2727 934 2774 collegio
961 2728 1162 2763 Trinitatis
1192 2728 1335 2774 Regem
1359 2727 1515 2764 Weston
1546 2729 1695 2779 Humfr.

241 2786 439 2834 Munnyng
464 2786 631 2822 Lionello
655 2786 788 2823 Foster
811 2786 876 2823 W⁰
903 2787 1030 2822 Moore
1054 2786 1111 2822 Jo.
1140 2786 1298 2834 Layfyld
1326 2787 1389 2822 W⁰
1414 2787 1587 2824 Whittell
1618 2789 1695 2824 Ric.

243 2845 387 2881 Reader
412 2846 601 2881 Salamoni
628 2846 792 2892 Sutclyff
814 2846 926 2882 Rowl.
953 2846 1090 2893 Huysh
1114 2847 1233 2884 Carol.
1260 2846 1518 2883 Humberston
1540 2847 1597 2884 Jo.
1618 2848 1698 2884 Hill
