2008 3216
132 684 278 722 f.55a

352 149 436 190 138
932 159 1084 191 emon
1114 159 1238 190 BOOK
1270 159 1300 190 Δ
1685 147 1907 203 [1559-60

961 689 1291 745 [1559—1560]

353 845 502 887 Gratie
543 845 634 887 sive
674 844 910 901 petitiones
956 859 1154 887 concesse
1195 844 1241 886 in
1287 845 1417 900 plena
1461 843 1792 901 congregatione
1837 857 1902 884 re-

469 914 668 970 gentium
700 920 745 956 et
773 929 858 956 non
885 913 1131 971 regentium
1163 930 1189 955 a
1219 914 1328 956 festo
1358 913 1498 956 sancti
1527 912 1751 956 Michaelis
1781 910 1903 954 arch-

470 983 615 1041 angeli
649 999 763 1026 anno
807 985 919 1027 1559
959 999 1092 1040 vsque
1131 983 1182 1025 ad
1216 983 1330 1026 idem
1369 984 1529 1026 festum
1564 988 1671 1026 tunc
1709 981 1903 1039 proxime

471 1069 656 1111 sequens
720 1054 924 1097 Johanne
954 1054 1092 1110 Porye
1120 1054 1187 1109 (et
1214 1053 1327 1096 And.
1351 1054 1510 1108 Perne)
1541 1068 1657 1096 sacre
1686 1052 1904 1109 theologie

471 1124 708 1180 professore
740 1129 846 1166 tunc
882 1123 1235 1166 vicecancellario
1267 1129 1312 1166 et
1344 1123 1563 1179 magistris
1595 1122 1903 1166 Bartholomeo

473 1190 770 1248 Doddyngton
801 1196 847 1232 et
878 1189 1066 1247 Geel-gio
1098 1189 1248 1232 Fuller
1277 1189 1628 1246 procuratoribus

357 1330 401 1366 In
420 1329 554 1377 primis
570 1328 788 1365 conceditur
812 1331 872 1364 11⁰
894 1328 1069 1365 Octobris
1093 1331 1136 1364 vt
1159 1339 1289 1363 omnes
1308 1327 1428 1374 gratie
1447 1327 1682 1364 admittendo
1703 1340 1770 1375 per
1785 1327 1903 1364 domi-

449 1401 542 1425 num
566 1388 910 1424 vicecancellarium
935 1388 1106 1424 doctores
1136 1388 1254 1435 Porye
1281 1387 1374 1423 Yale
1397 1390 1437 1423 et
1461 1387 1613 1436 Walker
1640 1390 1679 1424 et
1705 1388 1905 1435 magistros

449 1448 620 1484 Hauford
653 1451 692 1484 et
717 1448 852 1484 Curtes
876 1449 1023 1495 possint
1047 1459 1266 1483 concurrere
1293 1447 1332 1482 in
1361 1450 1525 1494 quatuor
1552 1447 1904 1494 congregacionibus

449 1507 562 1543 huius
586 1508 675 1543 anni
701 1508 756 1544 ita
780 1510 823 1544 vt
847 1508 984 1555 singuli
1009 1519 1139 1544 eorum
1163 1507 1402 1544 consentiant

563 1736 714 1780 Gratie
748 1736 864 1779 varie
900 1741 946 1779 et
978 1736 1142 1779 nullam
1177 1737 1357 1779 formam
1389 1743 1698 1780 concernentes

355 1865 582 1901 Conceditur
605 1868 651 1901 20
674 1864 848 1901 Octobris
867 1868 908 1901 vt
929 1865 1104 1901 dominus
1130 1865 1453 1901 vicecancellarius
1477 1865 1598 1911 possit
1622 1868 1746 1901 vestra
1771 1866 1903 1902 autho-

451 1924 564 1959 ritate
599 1924 761 1960 eximere
793 1936 814 1959 e
853 1923 949 1959 cista
987 1923 1177 1959 communi
1215 1927 1255 1959 et
1287 1926 1436 1970 portare
1477 1923 1688 1959 Londinum
1722 1924 1904 1971 quasdam

449 1982 658 2019 evidentias
691 1979 758 2029 pro
790 1981 1003 2029 receptione
1035 1982 1280 2029 pecuniarum
1313 1981 1528 2018 debitarum
1557 1982 1795 2019 vniuersitati
1825 1986 1904 2020 tam

451 2053 518 2088 pro
551 2041 710 2077 lectione
749 2040 957 2088 theologica
989 2043 1029 2077 et
1057 2041 1288 2088 predicatore
1313 2052 1429 2087 quam
1455 2053 1522 2088 pro
1550 2042 1716 2088 exequiis
1751 2042 1905 2079 Henrici

450 2100 603 2147 septimi

355 2159 583 2196 Conceditur
604 2162 644 2195 3⁰
667 2158 891 2195 Novembris
914 2161 957 2195 vt
979 2159 1144 2206 sigillum
1166 2158 1452 2195 cancellariatus
1475 2161 1514 2194 et
1542 2158 1664 2195 claves
1690 2160 1784 2196 ciste
1805 2172 1903 2197 com-

452 2220 578 2256 munis
594 2219 740 2267 possint
756 2218 911 2266 sigillari
928 2218 1060 2265 sigillis
1078 2219 1341 2266 magistrorum
1362 2218 1538 2254 Rowland
1555 2220 1595 2255 et
1612 2218 1746 2255 Ourtes

491 2432 688 2477 Andreas
723 2433 860 2477 Perne
890 2449 1008 2477 sacre
1040 2433 1257 2491 theologie
1289 2434 1499 2491 professor
1528 2432 1692 2477 electus
1722 2433 1766 2476 in

649 2503 1094 2547 vicecancellariatuin
1129 2506 1174 2546 4⁰
1205 2501 1468 2546 Novembris
1501 2504 1632 2546 1559ο

356 2630 583 2667 Conceditur
602 2634 644 2667 15
666 2630 881 2668 Decembris
899 2634 940 2668 vt
956 2642 1078 2667 sermo
1093 2629 1387 2667 exaniiuatorius
1402 2628 1450 2666 ad
1473 2641 1585 2677 quern
1609 2633 1760 2667 tenetur
1775 2629 1905 2667 doctor

453 2689 580 2725 nomo
613 2690 758 2726 ratione
786 2690 844 2726 sui
872 2689 1010 2737 gradus
1034 2689 1199 2736 suseepti
1230 2688 1350 2736 possit
1377 2687 1516 2725 differri
1550 2700 1667 2735 vsque
1693 2688 1740 2725 ad
1766 2689 1904 2725 festum

455 2747 592 2784 l'nsehe
604 2748 814 2795 proximum
828 2747 900 2785 sub
913 2759 1010 2796 pena
1022 2748 1082 2796 ciij
1095 2761 1114 2784 s
1132 2747 1184 2795 iiij
1197 2747 1221 2785 d
1239 2747 1500 2784 solvendarum
1514 2747 1596 2795 (sic)
1609 2748 1798 2784 communi
1812 2747 1906 2784 eiste

359 2807 497 2844 Easdem
520 2807 642 2854 gratia
663 2806 881 2844 conceditur
901 2806 1022 2844 eidem
1040 2810 1062 2843 ὁ
1086 2807 1229 2855 Aprilis
1253 2819 1370 2855 vsque
1391 2806 1439 2844 md
1463 2807 1601 2843 testum
1622 2806 1699 2843 divi
1721 2806 1907 2844 Johaunis

450 2865 522 2902 nub
537 2865 666 2903 malem
686 2878 782 2914 mnu.
798 2866 879 2902 sine
898 2865 1061 2902 vlteriori
1080 2864 1261 2902 dilatione
