2008 3294
307 184 393 226 314
901 194 1051 226 omen
1082 193 1205 226 BooK
1236 195 1267 227 Δ
1636 182 1856 240 [1577-78

307 299 535 335 Conceditur
553 302 598 335 18
613 300 637 335 J
641 299 721 335 unii
738 311 857 346 quum
874 311 940 346 per
956 302 1147 335 statutum
1167 300 1324 345 Regium
1346 299 1522 336 dominus
1544 300 1858 347 procancellarius

402 358 584 404 assignari
614 358 787 394 videatur
818 358 866 394 ad
900 370 1040 394 munus
1068 358 1314 394 moderatoris
1346 358 1387 394 in
1419 358 1583 394 comitiis
1611 361 1654 394 vt
1681 358 1857 395 dominus

402 416 713 463 procancellarius
729 416 931 452 modernus
949 417 988 452 in
1006 417 1185 463 vesperiis
1205 417 1444 453 comitiorum
1460 417 1715 464 proximorum
1733 420 1859 454 vestra

400 475 628 511 auctoritate
644 477 683 510 et
699 474 853 510 licentia
869 478 1001 510 vtatur
1016 486 1110 522 capa
1131 475 1247 511 rubea
1267 478 1306 511 et
1327 475 1412 511 aliis
1432 475 1665 511 ornamentis
1687 475 1857 512 doctora-

401 534 501 570 libus
525 546 600 569 non
626 533 802 569 obstante
826 533 954 580 aliquo
977 536 1124 570 statuto
1150 537 1218 570 aut
1251 534 1522 570 consuetudine
1554 534 1594 570 in
1627 534 1855 570 contrarium

401 594 514 630 editis
539 598 578 629 et
606 594 660 629 sic
690 593 905 629 moderetur
928 593 1180 640 disputacioni
1205 594 1410 639 theologice

306 652 533 688 Conceditur
557 655 603 688 23
627 653 651 688 J
654 652 734 688 unii
758 652 939 699 magistro
962 652 1128 689 Johanni
1154 653 1300 689 Beacon
1327 654 1451 700 legum
1480 653 1622 689 doctori
1651 657 1694 689 vt
1720 652 1859 688 habeat

400 712 529 748 literas
545 715 690 747 vestras
706 712 979 748 testimoniales
995 712 1133 759 gradus
1150 716 1189 748 et
1205 712 1501 749 conversacionis
1518 724 1584 748 sue
1597 711 1719 758 sigillo
1733 714 1858 747 vestro

399 771 591 807 communi
607 771 790 818 sigillatas

305 830 534 867 Conceditur
550 833 589 866 2⁰
604 830 699 866 Julii
720 834 763 866 vt
783 830 963 877 magister
985 829 1197 866 Gulielmus
1216 830 1374 877 Wylson
1397 829 1582 876 theologie
1603 830 1643 865 in
1666 829 1857 865 academia

400 889 603 925 Oxoniensi
625 889 916 925 bacchalaureus
938 889 990 925 sit
1011 889 1168 925 eiisdem
1190 888 1308 935 gradu
1329 887 1459 924 ordine
1481 891 1520 924 et
1542 899 1642 923 anno
1667 887 1768 934 apud
1791 899 1857 923 vos

399 948 539 996 quibus
555 951 614 985 est
630 949 731 996 apud
749 948 979 985 Oxonienses
995 960 1084 984 suos

306 1009 533 1045 Conceditur
561 1008 691 1045 eodem
720 1012 762 1044 vt
790 1009 970 1055 magister
993 1008 1159 1044 Thomas
1185 1007 1350 1043 Dotchin
1375 1007 1415 1042 in
1439 1006 1630 1043 academia
1655 1005 1857 1042 Oxoniensi

399 1068 541 1104 artium
562 1068 742 1114 magister
764 1067 816 1103 sit
836 1066 938 1114 apud
957 1079 1022 1103 vos
1038 1067 1078 1103 in
1095 1066 1250 1103 eiisdem
1266 1066 1385 1113 gradu
1401 1065 1531 1102 ordine
1547 1069 1587 1102 et
1602 1077 1702 1100 anno
1718 1064 1857 1111 quibus

400 1128 475 1164 fuit
491 1131 530 1163 et
546 1129 605 1163 est
621 1127 661 1162 in
677 1126 870 1163 academia
887 1125 1091 1162 Oxonicnsi

306 1188 448 1223 Eadem
465 1187 586 1233 gratia
601 1187 819 1222 conceditur
831 1186 961 1222 eodem
973 1185 1153 1232 magistro
1165 1185 1189 1221 J
1192 1184 1331 1220 ohanni
1347 1184 1484 1220 Potton
1498 1183 1676 1230 magistro
1689 1183 1712 1219 J
1715 1183 1855 1219 ohanui

402 1247 438 1282 N
440 1250 549 1282 orton
569 1246 749 1292 magistro
769 1245 885 1281 Tobie
905 1244 1086 1280 Sanforde
1106 1244 1287 1290 magistro
1310 1243 1475 1279 Henrico
1498 1243 1653 1279 Jervace
1677 1243 1856 1288 magistro

401 1306 542 1342 Arturo
560 1306 776 1352 Messanger
791 1305 971 1352 magistro
987 1305 1131 1340 Thome
1150 1303 1297 1350 Knight
1313 1303 1493 1350 magistro
1506 1302 1690 1338 Ezechieli
1704 1301 1854 1338 Culver-

400 1366 481 1402 well
500 1366 679 1412 magistro
696 1365 867 1401 Samsoni
885 1364 1031 1401 Strawd
1049 1366 1090 1400 et
1105 1363 1286 1410 magistro
1306 1363 1415 1398 Petro
1433 1362 1602 1409 Dunkyn
