2008 3216
342 185 425 227 106
921 194 1074 227 GRAcn
1104 194 1230 226 Boon
1261 194 1290 224 Δ
1663 180 1885 237 [1554-55

795 520 1108 563 Bacchalaurei
1138 519 1184 562 in
1215 518 1436 576 theologia

340 643 386 679 In
403 644 536 691 primis
553 644 770 680 conceditur
785 644 966 690 magistro
982 644 1006 680 J
1009 644 1154 679 honson
1167 647 1210 679 vt
1225 643 1396 679 studium
1413 645 1436 680 6
1448 654 1631 679 annorum
1648 642 1689 678 in
1704 642 1892 689 theologia

433 707 635 750 postquam
665 704 801 739 rexerit
830 704 869 739 in
898 703 1047 739 artibus
1079 715 1166 739 cum
1195 715 1270 739 vna
1299 703 1540 750 responsione
1568 702 1628 738 vel
1655 700 1827 749 pluribus
1859 700 1892 736 si

434 761 634 806 exigantur
652 764 691 796 et
711 773 797 796 cum
814 760 963 796 duobus
979 760 1216 797 sermonibus
1233 773 1307 796 vno
1323 760 1371 796 ad
1387 761 1529 796 clerum
1545 760 1664 796 altero
1680 759 1728 796 ad
1745 771 1893 795 crucem

436 820 543 855 Pauli
566 820 756 855 sufficiant
778 820 812 856 ei
835 819 883 856 ad
906 820 1171 867 opponendum
1188 824 1233 869 *et
1255 820 1476 856 intrandum
1498 820 1539 856 in
1561 819 1691 856 eadem
1713 819 1895 855 facultate

434 879 489 914 sic
514 881 558 914 vt
581 878 808 925 respondeat
831 881 1039 926 antequam
1063 879 1293 915 admittatur
1316 881 1355 914 et
1380 881 1457 914 stet
1483 890 1676 926 opponens
1700 889 1818 924 vsque
1845 877 1894 913 ad

435 938 575 973 festum
594 937 767 974 Bai-nabe
815 937 1135 984 (Concionabatur
1150 937 1198 974 ad
1216 937 1356 973 clerum
1375 940 1420 973 23
1435 937 1609 974 Octobris
1623 939 1715 973 1558
1732 936 1894 984 margin)

342 995 442 1031 Item
471 995 689 1031 conceditur
712 996 893 1042 magistro
917 996 1094 1043 Whynke
1118 999 1161 1031 vt
1189 996 1360 1032 studium
1388 999 1408 1033 7
1434 1007 1618 1032 annorum
1646 996 1685 1031 in
1711 995 1898 1042 theologia

436 1057 638 1102 postquam
671 1055 809 1091 rexerit
842 1055 880 1091 in
914 1055 1061 1092 artibus
1089 1067 1164 1091 vna
1191 1067 1278 1091 cum
1306 1055 1454 1091 duobus
1482 1055 1719 1091 sermonibus
1746 1066 1820 1090 vno
1847 1053 1897 1090 ad

436 1114 577 1150 clerum
602 1115 721 1150 altero
742 1115 790 1151 ad
813 1127 961 1151 crucem
986 1115 1092 1151 Pauli
1114 1118 1155 1151 et
1176 1127 1263 1151 cum
1285 1127 1360 1151 vna
1382 1115 1623 1162 responsione
1643 1114 1703 1151 vel
1725 1113 1898 1162 pluribus

436 1175 468 1210 si
491 1175 689 1222 exigantur
710 1175 806 1211 citra
828 1176 1022 1211 commitia
1043 1175 1214 1222 proxima
1235 1175 1397 1211 sufficiat
1416 1175 1450 1210 ei
1470 1177 1550 1210 tam
1567 1173 1615 1210 ad
1632 1173 1895 1221 opponendum

436 1245 551 1280 quam
568 1234 789 1271 intrandum
806 1235 846 1270 in
863 1246 969 1271 sacra
984 1234 1173 1281 theologia

344 1291 443 1328 Item
465 1293 683 1330 conceditur
707 1294 851 1330 Thome
877 1293 1008 1329 Merell
1030 1296 1073 1329 vt
1097 1293 1268 1329 studium
1292 1294 1312 1330 7
1330 1304 1516 1328 annorum
1538 1292 1578 1328 in
1601 1291 1789 1339 theologia
1809 1302 1897 1328 cum

436 1352 584 1388 duobus
601 1353 837 1389 sermonibus
854 1365 928 1390 vno
944 1353 992 1389 ad
1009 1353 1151 1389 clerum
1167 1353 1285 1389 altero
1302 1353 1350 1389 ad
1366 1364 1515 1388 crucem
1539 1352 1643 1388 Pauli
1665 1354 1705 1388 et
1720 1363 1806 1388 cum
1823 1363 1899 1388 vna

437 1413 678 1459 responsione
700 1413 758 1449 vel
779 1412 950 1460 pluribus
972 1413 1004 1449 si
1026 1413 1224 1460 exigantur
1242 1425 1342 1449 anno
1366 1413 1536 1460 proximo
1560 1411 1632 1448 sub
1656 1423 1753 1459 pena
1777 1412 1898 1448 cauci-

438 1470 521 1505 onis
537 1474 701 1516 quatuor
717 1483 929 1507 marcarum
946 1471 1117 1518 ponende
1134 1472 1173 1507 in
1192 1471 1368 1507 manibus
1388 1473 1672 1518 procuratorum
1694 1472 1899 1517 antequam

439 1529 668 1566 admittatur
699 1531 862 1567 sufficiat
893 1531 927 1567 ei
961 1531 1010 1567 ad
1043 1531 1263 1567 intrandum
1293 1531 1332 1567 in
1362 1543 1468 1567 sacra
1500 1530 1687 1577 theologia
1715 1530 1769 1566 sic
1797 1529 1899 1576 quod

439 1588 668 1625 admittatur
684 1593 764 1626 tam
781 1590 829 1626 ad
846 1591 1111 1637 opponendum
1128 1602 1244 1637 quam
1262 1590 1482 1627 intrandum
1500 1590 1539 1626 in
1557 1590 1653 1626 festo
1670 1588 1842 1626 Barnabe

945 1870 1305 1928 Dispensaciones

348 2013 394 2050 In
417 2013 550 2061 primis
572 2013 790 2050 conceditur
812 2012 992 2060 magistro
1015 2013 1152 2061 Tayler
1168 2016 1211 2050 vt
1233 2013 1314 2050 eius
1334 2013 1526 2061 responsio
1547 2013 1595 2050 ad
1617 2024 1733 2060 quam
1750 2014 1902 2050 tenetur

441 2073 589 2109 racione
610 2072 748 2120 gradus
771 2071 1029 2108 bacchalaurei
1053 2072 1091 2108 in
1115 2072 1303 2119 theologia
1324 2073 1488 2120 suscepti
1508 2071 1648 2109 differri
1671 2073 1791 2120 possit
1838 2073 1901 2110 Sic

441 2131 542 2179 quod
558 2132 679 2180 possit
695 2132 821 2179 perfici
838 2132 934 2168 citra
950 2131 1089 2168 festum
1107 2131 1279 2168 Barnabe
1297 2132 1508 2179 proximum
1525 2132 1596 2168 sub
1612 2144 1709 2180 pena
1725 2132 1764 2168 in
1781 2132 1903 2180 gratia

441 2190 514 2227 sibi
531 2191 704 2238 superius
720 2202 896 2228 concessa

350 2250 448 2286 Item
471 2250 689 2286 conceditur
711 2250 831 2287 eidem
858 2254 901 2286 vt
924 2250 1118 2298 responsio
1141 2250 1350 2298 theologica
1371 2250 1420 2288 ad
1443 2263 1558 2299 quam
1582 2254 1733 2288 tenetur
1754 2251 1902 2288 racione

441 2308 579 2356 gradus
595 2309 653 2345 sui
671 2309 836 2357 suscepti
855 2308 983 2345 haberi
1002 2309 1122 2357 possit
1139 2309 1177 2345 in
1195 2310 1399 2347 commitiis
1417 2310 1597 2357 proximis
1613 2312 1652 2347 et
1668 2313 1746 2347 stet
1765 2310 1799 2347 ei
1822 2310 1902 2347 loco

443 2368 697 2416 responsionis
713 2379 781 2405 suo
829 2371 868 2405 et
886 2367 1081 2416 respondit

183 2421 211 2461 ἱ.
235 2423 285 2460 42
306 2435 330 2461 a
352 2427 448 2463 Item
471 2426 689 2463 conceditur
706 2430 748 2463 vt
769 2428 961 2475 responsio
984 2427 1192 2474 theologica
1214 2427 1259 2464 ad
1278 2439 1393 2475 quam
1415 2431 1567 2465 tenetur
1584 2428 1760 2476 magister
1777 2428 1902 2466 Chris-

444 2486 608 2523 toferson
623 2486 811 2534 prefectus
823 2486 966 2534 collegii
980 2486 1181 2523 Trinitatis
1194 2486 1334 2523 differri
1348 2487 1467 2534 possit
1481 2487 1519 2523 in
1534 2487 1746 2535 proximum
1759 2499 1902 2524 annum

443 2545 621 2592 quoniam
638 2545 741 2593 gravi
761 2544 890 2582 morbo
910 2557 986 2592 quo
1010 2545 1084 2582 iam
1108 2544 1255 2582 laborat
1272 2545 1489 2593 prepeditus
1505 2545 1679 2594 desperat
1696 2557 1736 2583 se
1752 2558 1902 2595 respon-

443 2605 531 2642 dere
550 2616 657 2653 [mssa
674 2604 770 2641 citra
786 2605 980 2642 commitia
997 2605 1167 2653 proxima

353 2664 448 2701 Item
474 2663 693 2700 conceditur
718 2664 897 2711 magistro
924 2663 1055 2701 Rudde
1080 2668 1122 2701 vt
1147 2664 1339 2711 responsio
1367 2675 1432 2712 per
1458 2675 1543 2701 eum
1571 2665 1667 2701 citra
1692 2666 1903 2713 proximum

447 2722 588 2759 Pascha
605 2721 776 2759 habenda
794 2726 947 2770 propter
971 2725 1188 2770 susceptum
1211 2721 1367 2769 gradum
1394 2723 1572 2769 quoniam
1596 2723 1628 2759 is
1648 2724 1751 2771 gravi
1775 2724 1905 2762 morbo

444 2782 628 2819 laboravit
645 2786 684 2818 ct
700 2781 823 2819 adime
841 2781 987 2819 laborat
1004 2782 1123 2830 possit
1140 2781 1278 2819 differri
1297 2782 1334 2818 in
1353 2786 1572 2829 sequentem
1590 2783 1794 2821 terminum

353 2841 449 2878 Item
474 2841 693 2878 conceditur
717 2841 898 2888 magistro
921 2841 1109 2889 Tompson
1135 2852 1254 2889 nuper
1275 2841 1376 2877 socio
1398 2841 1482 2878 aule
1504 2841 1551 2878 de
1574 2842 1681 2879 Clare
1704 2846 1746 2880 vt
1768 2842 1907 2880 habeat

445 2901 574 2939 litam
589 2900 889 2938 conum-nacionis
905 2904 944 2937 et
960 2899 1099 2948 gradus
1114 2900 1300 2948 sigillatas
1315 2900 1437 2948 sigillo
1454 2903 1579 2938 vestro
1596 2902 1786 2939 communi
