2008 3216
327 147 411 187 222
908 155 1060 187 GRAcn
1091 155 1216 187 BOOK
1247 155 1278 186 Δ
1657 143 1878 198 [1568-69

160 498 189 536 f.
212 498 263 536 96
280 498 307 535 b
754 497 1003 540 Practicans
1034 497 1079 538 in
1112 497 1335 554 chirurgia

325 638 552 675 Conceditur
575 641 598 674 8
622 638 646 674 J
649 638 716 674 ulii
743 637 843 679 Edw,
872 637 1039 681 Overton
1064 641 1107 674 vt
1131 637 1302 673 studium
1326 640 1366 673 et
1390 639 1557 685 practica
1581 651 1604 674 x
1629 651 1814 675 annorum
1840 640 1879 675 in

419 697 607 744 chirurgia
632 697 822 733 sufficiant
844 697 878 732 ei
901 696 948 732 ad
970 697 1255 743 practicandum
1275 697 1316 732 in
1338 697 1469 733 eadem
1491 698 1546 733 sic
1568 701 1610 734 vt
1630 698 1736 745 prius
1757 710 1881 734 exam-

420 756 547 792 inetur
570 763 610 792 et
633 755 865 803 approbetur
888 767 955 802 per
976 755 1147 791 doctores
1174 756 1344 792 Hatcher
1368 758 1408 791 et
1433 756 1586 804 Lorkyn
1610 759 1649 793 et
1672 769 1739 804 per
1763 769 1881 792 vnum

419 827 550 851 eorum
567 807 806 862 presentetur
822 815 974 851 domino
991 815 1282 862 procancellario
1299 815 1339 850 in
1357 815 1642 862 congregatione
1656 816 1881 862 Regentium

419 877 459 910 et
474 886 587 921 super
603 874 674 910 hac
690 877 816 910 vestra
832 875 1072 910 concessione
1088 874 1219 910 literas
1236 874 1375 910 habeat
1387 874 1606 921 obsignatas
1618 875 1740 922 sigillo
1754 877 1879 911 vestro

420 933 612 969 communi
664 933 909 969 Presentatus
925 932 1056 969 eodem
1073 945 1140 980 per
1156 932 1350 969 doctorem
1367 933 1532 980 Lorkyn‘

835 1254 1045 1298 Doctores
1077 1254 1124 1297 in
1155 1255 1377 1298 medicina

328 1397 555 1434 Conceditur
581 1400 626 1434 19
650 1397 876 1435 Novembris
902 1398 961 1435 Jo.
988 1397 1108 1446 Volpe
1137 1398 1282 1434 medico
1310 1397 1454 1434 domini
1484 1397 1644 1434 Comitis
1673 1398 1812 1434 Sussex
1840 1402 1884 1435 vt

421 1457 593 1493 studium
615 1469 639 1493 x
661 1469 847 1494 annorum
869 1458 909 1494 in
933 1456 1120 1494 medicina
1141 1457 1282 1505 partim
1305 1457 1346 1493 in
1368 1457 1439 1493 hac
1462 1456 1654 1493 academia
1678 1457 1818 1504 partim
1842 1457 1882 1493 in

422 1515 626 1552 academiis
638 1517 903 1553 transmarinis
916 1529 1003 1553 cum
1015 1517 1258 1564 responsione
1271 1515 1495 1563 perficienda
1512 1516 1553 1551 in
1570 1515 1750 1563 vesperiis
1761 1515 1881 1562 proxi-

422 1586 570 1611 morum
586 1575 823 1612 comitiorum
842 1575 914 1612 sub
928 1587 1026 1623 pena
1042 1576 1077 1622 vj
1092 1575 1118 1611 li
1136 1574 1310 1622 ponenda
1332 1575 1373 1611 in
1396 1574 1573 1611 manibus
1595 1577 1882 1622 procuratorum

421 1636 511 1670 ante
527 1634 608 1670 eius
625 1633 892 1670 admissionem
909 1634 1073 1670 sufficiat
1090 1634 1123 1670 ei
1141 1633 1189 1670 ad
1212 1633 1470 1681 incipiendum
1493 1634 1533 1670 in
1556 1624 1743 1670 medicina
1764 1633 1818 1670 sic
1840 1636 1883 1669 vt

423 1692 504 1729 eius
520 1692 699 1729 admissio
716 1695 793 1730 stet
809 1705 878 1740 pro
895 1693 1093 1740 completis
1108 1693 1227 1739 gradu
1243 1696 1282 1729 et
1299 1693 1420 1729 forma
1443 1693 1662 1729 doctoratus
1686 1693 1726 1728 in
1749 1692 1881 1729 eadem

423 1752 605 1788 facultate
627 1752 809 1799 quoniam
830 1751 977 1788 diutius
999 1751 1130 1788 abesse
1146 1763 1169 1787 a
1185 1751 1338 1788 domino
1355 1764 1423 1788 suo
1440 1763 1516 1787 non
1534 1755 1662 1799 potest
1678 1752 1734 1787 ita
1750 1754 1880 1787 tamen

423 1814 466 1846 vt
482 1810 703 1846 convivetur
718 1813 758 1846 et
775 1810 985 1846 satisfaciat
1002 1809 1191 1846 officiariis

330 1863 559 1906 Conceditur
575 1873 598 1905 4
617 1870 746 1906 Martii
771 1869 795 1906 J
798 1881 830 1906 o.
855 1870 973 1917 Volpe
995 1870 1055 1906 cui
1073 1868 1329 1916 superioribus
1351 1869 1468 1905 hiisce
1492 1868 1626 1905 diebus
1645 1868 1883 1905 concessistis

339 1923 343 1927 ’
423 1929 584 1976 gratiam
607 1928 656 1965 ad
678 1928 934 1976 incipiendum
959 1928 998 1964 in
1020 1927 1207 1964 medicina
1229 1930 1272 1964 vt
1294 1928 1474 1975 quoniam
1497 1927 1545 1964 ad
1567 1927 1800 1964 academiam
1822 1939 1882 1963 ac-

423 1987 552 2024 cedere
568 2000 636 2035 per
651 1989 802 2036 negotia
817 1988 961 2025 domiui
980 1988 1039 2024 sui
1057 1987 1200 2024 domini
1219 1987 1379 2024 Comitis
1396 1987 1572 2024 Sussexie
1588 1986 1782 2023 commode
1805 1999 1881 2023 non

424 2050 551 2094 potest
575 2050 618 2083 vt
643 2047 763 2094 possit
787 2046 836 2084 ab
860 2047 988 2094 aliquo
1011 2045 1162 2082 doctore
1184 2045 1352 2082 eiusdem
1377 2045 1572 2082 facultatis
1594 2057 1661 2093 per
1685 2045 1883 2082 dominum

424 2104 758 2153 procancellarium
791 2104 1018 2152 assignando
1049 2103 1202 2140 admitti
1231 2107 1338 2140 extra
1366 2103 1655 2140 vniuersitatem
1680 2103 1735 2140 sic
1760 2107 1803 2140 vt
1827 2115 1882 2140 re-

424 2164 609 2212 spondeat
625 2167 694 2201 aut
715 2165 812 2201 citra
828 2164 982 2201 comitia
998 2163 1169 2211 proxima
1184 2166 1252 2199 aut
1270 2163 1308 2199 in
1332 2163 1496 2199 comitiis
1519 2162 1698 2210 proximis
1713 2166 1752 2199 et
1773 2163 1881 2199 satis-

409 2217 541 2260 ‘faeiat
555 2223 743 2260 officiariis
756 2223 828 2260 sub
844 2235 941 2271 pena
957 2236 1004 2259 xx
1018 2223 1042 2259 li
1062 2222 1234 2270 ponenda
1247 2222 1286 2258 in
1300 2221 1475 2258 manibus
1492 2226 1777 2269 procuratorum
1793 2226 1883 2258 ante

425 2283 506 2319 eius
538 2283 804 2320 admissionem
852 2283 1095 2320 Presentatus
1124 2293 1190 2329 per
1215 2280 1405 2318 doctorem
1440 2280 1590 2328 Lorkyn
1624 2283 1663 2317 et
1695 2280 1883 2317 admissus

407 2336 412 2341 “
429 2343 471 2378 17
489 2340 511 2377 J
517 2341 595 2377 unii
614 2340 652 2377 in
672 2340 864 2377 academia
913 2340 1072 2388 (peregit
1089 2340 1216 2376 omnia
1232 2339 1364 2387 mar-9.)

331 2398 560 2436 Conceditur
592 2402 637 2435 25
672 2399 802 2436 Martii
830 2399 1010 2446 magistro
1037 2399 1101 2436 W⁰
1128 2397 1284 2435 Gilbard
1313 2402 1356 2434 vt
1384 2396 1554 2434 studium
1582 2399 1604 2433 8
1630 2408 1814 2434 annorum
1842 2397 1881 2433 in

427 2458 613 2495 medicina
630 2470 716 2495 cum
733 2457 1035 2506 oppositionibus
1052 2456 1358 2505 responsionibus
1375 2456 1627 2503 omnibusque
1643 2455 1728 2491 aliis
1745 2456 1881 2492 exerci-

428 2518 493 2554 tiis
507 2530 572 2566 per
588 2521 735 2555 statuta
753 2518 945 2566 requisitis
958 2519 1121 2555 sufficiat
1133 2518 1166 2554 ei
1180 2517 1228 2554 ad
1243 2516 1498 2564 incipiendum
1511 2516 1548 2551 iu
1561 2515 1690 2551 eadem
1703 2515 1882 2554 facultate

432 2577 674 2614 Presentatus
691 2588 757 2624 per
772 2575 949 2614 doctoren
970 2576 1118 2626 Lorkyn
1137 2579 1176 2613 et
1191 2575 1379 2613 admissus
1400 2578 1442 2611 13
1463 2574 1551 2610 Maii
