2008 3216
159 142 379 198 1554-55]
743 152 895 184 eRAcs
924 151 1046 183 BOOK
1078 151 1110 183 Δ
1620 145 1701 186 101

763 480 1094 537 [1554-1555J

155 617 308 660 Gratie
349 632 548 662 concesse
589 618 635 661 in
676 618 806 676 plena
845 619 1186 677 congregacione
1228 620 1496 678 Regentium
1533 627 1579 664 et
1615 635 1701 663 non
1721 618 1749 658 f·
1771 619 1824 657 40
1843 631 1867 656 a

270 687 573 744 [Regentium]
617 703 644 731 a
683 689 795 731 festo
834 688 975 732 sancti
1026 688 1253 732 Michaelis
1298 690 1547 748 archangeli
1587 705 1703 733 anno

268 757 435 800 domini
473 759 587 800 1554
629 773 763 815 vsque
804 758 859 801 ad
901 758 1018 801 idem
1062 758 1224 802 festum
1266 774 1317 802 ex
1361 768 1466 803 tunc
1507 760 1702 818 proxime

267 842 454 885 sequens
523 828 745 872 Willelmo
781 828 897 886 Glyn
928 843 1046 872 sacre
1082 829 1302 888 theologie
1334 830 1569 887 professore
1604 845 1701 888 pro-

268 897 523 940 cancellario
544 904 590 941 et
611 898 831 954 magistris
855 897 1024 941 Thema
1051 898 1215 955 Baylye
1237 904 1283 942 et
1305 899 1514 956 Gregorio
1535 899 1702 943 Garthe

269 971 375 1010 tunc
405 966 756 1025 procuratoribus

634 1100 944 1144 Bacchalaurei
975 1100 1020 1143 in
1053 1100 1223 1144 artibus

154 1211 200 1247 In
226 1210 358 1258 primis
382 1210 598 1246 conceditur
623 1209 816 1256 Stephano
839 1209 969 1245 Whito
994 1213 1036 1245 vt
1064 1211 1104 1245 11
1132 1208 1285 1245 termini
1310 1209 1451 1256 partim
1476 1209 1537 1245 hic
1561 1210 1701 1257 partim

247 1270 402 1306 Oxoniis
434 1281 519 1306 cum
553 1281 597 1305 eo
629 1269 669 1305 in
702 1280 777 1315 quo
809 1268 1130 1304 determinaturus
1162 1271 1222 1304 est
1254 1269 1293 1304 in
1322 1268 1461 1316 quibus
1493 1270 1701 1306 ordinarias

247 1330 424 1366 lectiones
452 1328 600 1365 audiuit
629 1339 695 1375 per
723 1327 901 1363 maiorem
932 1321 1079 1374 partem
1109 1327 1147 1363 in
1177 1331 1259 1363 toto
1285 1339 1371 1364 cum
1398 1329 1701 1376 opposicionibus

246 1394 284 1425 et
316 1387 620 1436 responsionibus
653 1388 759 1423 iuxta
792 1388 950 1424 formam
983 1388 1121 1423 statuti
1152 1388 1344 1434 requisitis
1373 1388 1562 1425 sufficiant
1589 1389 1624 1425 ei
1653 1388 1701 1425 ad

246 1446 547 1495 respondendum
573 1446 761 1493 questioni

154 1508 252 1544 Item
276 1506 494 1543 conceditur
518 1506 657 1542 Joanni
684 1505 841 1552 Igulden
866 1509 908 1541 vt
933 1508 974 1541 11
1001 1505 1153 1541 termini
1179 1506 1217 1541 in
1241 1505 1380 1553 quibus
1403 1506 1584 1543 lectiones
1605 1506 1701 1543 ordi-

246 1566 372 1602 narias
412 1565 561 1602 audiuit
601 1565 673 1600 etsi
711 1577 785 1600 non
823 1565 977 1600 omnino
1009 1564 1216 1600 secundum
1250 1565 1411 1601 sormam
1443 1566 1581 1602 statuti
1614 1578 1701 1602 cum

246 1625 422 1661 omnibus
443 1623 748 1672 opposicionibus
770 1626 809 1659 et
829 1622 1136 1670 responsionibus
1156 1623 1364 1659 secundum
1383 1624 1544 1661 formam
1564 1625 1701 1661 statuti

245 1684 439 1732 requisitis
455 1683 644 1720 sufficiant
661 1682 694 1718 ei
711 1682 759 1718 ad
777 1681 1079 1730 respondendum
1095 1682 1286 1728 questioni

153 1745 251 1781 Item
277 1744 494 1780 conceditur
515 1743 685 1779 Antonio
711 1742 855 1790 Morley
872 1744 915 1778 vt
938 1745 981 1777 12
999 1741 1152 1778 termini
1176 1741 1216 1777 in
1239 1741 1378 1789 quibus
1403 1742 1582 1778 lectiones
1604 1742 1701 1778 ordi-

247 1804 372 1840 narias
404 1803 552 1840 audiuit
589 1802 677 1838 licet
714 1814 789 1838 non
822 1802 976 1838 omnino
1009 1801 1216 1837 secundum
1250 1802 1411 1838 formam
1444 1801 1582 1838 statuti
1614 1814 1702 1838 cum

246 1861 546 1910 oppositionibus
572 1864 612 1896 et
640 1859 948 1908 responsionibus
977 1860 1171 1908 requisitis
1198 1860 1388 1896 sufficiant
1414 1861 1449 1897 ei
1476 1861 1524 1897 ad
1551 1872 1702 1908 respon-

245 1923 411 1959 dendum
435 1921 625 1969 questioni

152 1981 295 2018 Eadem
334 1981 456 2028 gratia
491 1980 538 2016 de
571 1978 684 2016 verbo
725 1979 764 2015 in
799 1978 952 2015 verbum
996 1979 1215 2016 conceditur
1255 1979 1439 2016 Edwardo
1482 1980 1703 2027 Raymonde

247 2040 433 2076 Richardo
454 2039 605 2086 Kytson
622 2038 781 2085 Georgio
803 2038 940 2085 Blythe
956 2037 979 2073 J
983 2038 1096 2074 oanni
1120 2037 1301 2074 Debanke
1318 2042 1357 2074 et
1374 2038 1398 2074 J
1400 2039 1513 2075 oanni
1534 2039 1703 2087 Twydall

245 2099 292 2135 de
308 2098 422 2135 verbo
440 2098 479 2134 in
498 2097 655 2134 verbum

153 2159 251 2195 Item
287 2157 505 2194 conceditur
545 2157 689 2192 Thome
722 2156 896 2202 Olowghe
929 2159 971 2192 vt
1007 2159 1050 2192 12
1083 2156 1238 2192 termini
1278 2157 1319 2192 in
1352 2156 1491 2204 quibus
1523 2156 1703 2193 lectiones

245 2217 452 2254 ordinarias
477 2215 627 2252 audiuit
648 2215 738 2252 licet
760 2227 835 2251 non
861 2215 1015 2251 omnino
1038 2214 1246 2251 secundum
1269 2215 1429 2251 formam
1452 2216 1590 2252 statuti
1615 2228 1702 2252 cum

245 2274 545 2324 oppositionibus
565 2278 604 2311 et
620 2274 926 2322 responsionibus
943 2274 1136 2321 requisitis
1152 2274 1342 2311 sufficiant
1359 2275 1393 2310 ei
1410 2274 1458 2311 ad
1475 2274 1702 2322 responden-

244 2335 337 2372 dum
361 2335 551 2382 questioni

153 2396 252 2432 Item
274 2395 492 2432 conceditur
513 2394 636 2431 eidem
658 2394 841 2441 superiori
864 2393 926 2430 die
945 2393 1110 2430 admisso
1127 2393 1175 2430 ad
1192 2393 1496 2441 respondendum
1512 2393 1702 2440 questioni

245 2455 319 2504 [vt]
342 2456 395 2491 sit
415 2455 616 2491 actualiter
638 2453 930 2490 bacchalaureus
951 2453 990 2489 in
1013 2453 1162 2490 artibus
1183 2454 1236 2489 sic
1259 2453 1360 2501 quod
1381 2456 1458 2489 stet
1480 2453 1520 2488 in
1542 2452 1701 2500 quadra-

245 2515 387 2562 gesima
407 2518 447 2550 et
469 2517 592 2550 cetera
614 2514 742 2549 omnia
765 2516 920 2560 peragat
943 2513 1049 2549 iuxta
1071 2513 1231 2549 formam
1254 2512 1393 2549 statuti
1413 2515 1453 2548 et
1472 2511 1703 2559 approbetur

245 2585 312 2621 per
335 2573 567 2621 oppositores
591 2573 705 2609 huius
728 2572 820 2608 anni

152 2634 251 2670 Item
275 2632 492 2669 conceditur
522 2631 686 2668 Roberto
713 2631 904 2668 Stewarde
929 2635 972 2667 vt
995 2630 1194 2667 duodecim
1219 2631 1374 2668 termini
1401 2630 1440 2667 in
1465 2629 1606 2678 quibus
1630 2630 1701 2666 lec-

244 2692 368 2728 tiones
391 2691 600 2728 ordinarias
621 2691 771 2727 audiuit
790 2691 878 2727 licet
899 2702 974 2726 non
993 2690 1147 2726 omnino
1163 2690 1371 2726 secundum
1388 2690 1547 2726 formam
1563 2690 1702 2725 statuti

244 2763 330 2788 cum
355 2749 656 2798 oppositionibus
682 2752 722 2786 et
748 2749 1054 2796 responsionibus
1082 2749 1276 2797 requisitis
1301 2749 1491 2786 sufficiant
1514 2749 1549 2785 ei
1574 2748 1622 2785 ad
1635 2761 1701 2784 're-

245 2810 507 2859 spondendum
524 2810 714 2858 questioni

151 2870 293 2907 Eadem
319 2870 440 2917 gratia
466 2869 512 2906 de
538 2869 652 2906 verbo
677 2869 717 2905 in
745 2869 901 2906 verbum
928 2869 1147 2906 conceditur
1175 2869 1351 2905 Michaeli
1379 2869 1532 2905 Calvert
1558 2868 1702 2904 Thome
