<?xml version="1.0" encoding="UTF-8"?>
<!DOCTYPE html PUBLIC "-//W3C//DTD XHTML 1.0 Transitional//EN"
    "http://www.w3.org/TR/xhtml1/DTD/xhtml1-transitional.dtd">
<html xmlns="http://www.w3.org/1999/xhtml" xml:lang="en" lang="en">
 <head>
  <title>
</title>
<meta http-equiv="Content-Type" content="text/html;charset=utf-8" />
  <meta name='ocr-system' content='tesseract 3.04.00' />
  <meta name='ocr-capabilities' content='ocr_page ocr_carea ocr_par ocr_line ocrx_word'/>
</head>
<body>
  <div class='ocr_page' id='page_1' title='image "./gracebookdeltaco00univuoft_0133.png"; bbox 0 0 2008 3216; ppageno 0'>
   <div class='ocr_carea' id='block_1_1' title="bbox 139 172 1686 229">
    <p class='ocr_par' dir='ltr' id='par_1_1' title="bbox 139 172 1686 229">
     <span class='ocr_line' id='line_1_1' title="bbox 139 172 1686 229; baseline -0.002 -13"><span class='ocrx_word' id='word_1_1' title='bbox 139 173 362 229; x_wconf 83' lang='lat'>1553-54]</span> <span class='ocrx_word' id='word_1_2' title='bbox 725 182 877 214; x_wconf 69' lang='lat' dir='ltr'><strong>eamn</strong></span> <span class='ocrx_word' id='word_1_3' title='bbox 907 182 1032 215; x_wconf 83' lang='lat' dir='ltr'>BOOK</span> <span class='ocrx_word' id='word_1_4' title='bbox 1063 182 1093 214; x_wconf 80' lang='grc' dir='ltr'><strong>Δ</strong></span> <span class='ocrx_word' id='word_1_5' title='bbox 1632 172 1686 213; x_wconf 90' lang='grc'><strong>99</strong></span> 
     </span>
    </p>
   </div>
   <div class='ocr_carea' id='block_1_2' title="bbox 140 284 1690 391">
    <p class='ocr_par' dir='ltr' id='par_1_2' title="bbox 140 284 1690 391">
     <span class='ocr_line' id='line_1_2' title="bbox 140 284 1690 334; baseline -0.002 -11"><span class='ocrx_word' id='word_1_6' title='bbox 140 286 239 323; x_wconf 85' lang='lat' dir='ltr'><strong>Item</strong></span> <span class='ocrx_word' id='word_1_7' title='bbox 265 286 485 323; x_wconf 72' lang='lat' dir='ltr'><strong>conceditur</strong></span> <span class='ocrx_word' id='word_1_8' title='bbox 508 287 688 334; x_wconf 88' lang='lat' dir='ltr'><strong>magistro</strong></span> <span class='ocrx_word' id='word_1_9' title='bbox 717 286 885 322; x_wconf 87' lang='lat' dir='ltr'><strong>Fawcett</strong></span> <span class='ocrx_word' id='word_1_10' title='bbox 909 288 952 322; x_wconf 87' lang='lat' dir='ltr'><strong>vt</strong></span> <span class='ocrx_word' id='word_1_11' title='bbox 977 285 1149 322; x_wconf 90' lang='lat' dir='ltr'><strong>studium</strong></span> <span class='ocrx_word' id='word_1_12' title='bbox 1178 288 1200 321; x_wconf 89' lang='lat'>3</span> <span class='ocrx_word' id='word_1_13' title='bbox 1226 297 1412 321; x_wconf 87' lang='lat' dir='ltr'><strong>annorum</strong></span> <span class='ocrx_word' id='word_1_14' title='bbox 1439 284 1478 320; x_wconf 90' lang='lat' dir='ltr'><strong>in</strong></span> <span class='ocrx_word' id='word_1_15' title='bbox 1503 284 1690 332; x_wconf 77' lang='lat' dir='ltr'><strong>theologia</strong></span> 
     </span>
     <span class='ocr_line' id='line_1_3' title="bbox 232 342 1689 391; baseline -0.001 -11"><span class='ocrx_word' id='word_1_16' title='bbox 232 346 319 391; x_wconf 84' lang='lat' dir='ltr'><strong>post</strong></span> <span class='ocrx_word' id='word_1_17' title='bbox 342 344 423 380; x_wconf 88' lang='lat' dir='ltr'><strong>eius</strong></span> <span class='ocrx_word' id='word_1_18' title='bbox 448 344 648 380; x_wconf 85' lang='lat' dir='ltr'><strong>introitum</strong></span> <span class='ocrx_word' id='word_1_19' title='bbox 674 344 713 380; x_wconf 91' lang='lat' dir='ltr'><strong>in</strong></span> <span class='ocrx_word' id='word_1_20' title='bbox 736 343 867 380; x_wconf 87' lang='lat' dir='ltr'><strong>eadem</strong></span> <span class='ocrx_word' id='word_1_21' title='bbox 891 355 965 379; x_wconf 88' lang='lat' dir='ltr'><strong>vna</strong></span> <span class='ocrx_word' id='word_1_22' title='bbox 989 355 1077 379; x_wconf 91' lang='lat' dir='ltr'><strong>cum</strong></span> <span class='ocrx_word' id='word_1_23' title='bbox 1103 342 1252 379; x_wconf 89' lang='lat' dir='ltr'><strong>duobus</strong></span> <span class='ocrx_word' id='word_1_24' title='bbox 1277 342 1513 379; x_wconf 78' lang='lat' dir='ltr'><strong>sermonibus</strong></span> <span class='ocrx_word' id='word_1_25' title='bbox 1538 355 1613 378; x_wconf 90' lang='lat' dir='ltr'><strong>vno</strong></span> <span class='ocrx_word' id='word_1_26' title='bbox 1641 342 1689 379; x_wconf 91' lang='lat' dir='ltr'><strong>ad</strong></span> 
     </span>
    </p>
   </div>
   <div class='ocr_carea' id='block_1_3' title="bbox 140 402 1691 746">
    <p class='ocr_par' dir='ltr' id='par_1_3' title="bbox 233 402 1688 509">
     <span class='ocr_line' id='line_1_4' title="bbox 233 402 1688 440; baseline -0.001 -1"><span class='ocrx_word' id='word_1_27' title='bbox 233 403 374 439; x_wconf 89' lang='lat' dir='ltr'><strong>clerum</strong></span> <span class='ocrx_word' id='word_1_28' title='bbox 395 404 668 440; x_wconf 85' lang='lat' dir='ltr'><strong>examinatorio</strong></span> <span class='ocrx_word' id='word_1_29' title='bbox 690 406 780 439; x_wconf 90' lang='lat' dir='ltr'><strong>ante</strong></span> <span class='ocrx_word' id='word_1_30' title='bbox 802 403 884 440; x_wconf 87' lang='lat' dir='ltr'><strong>eius</strong></span> <span class='ocrx_word' id='word_1_31' title='bbox 906 402 1174 439; x_wconf 75' lang='lat' dir='ltr'><strong>admissionem</strong></span> <span class='ocrx_word' id='word_1_32' title='bbox 1196 402 1316 439; x_wconf 83' lang='lat' dir='ltr'><strong>altero</strong></span> <span class='ocrx_word' id='word_1_33' title='bbox 1337 402 1386 438; x_wconf 86' lang='lat' dir='ltr'><strong>ad</strong></span> <span class='ocrx_word' id='word_1_34' title='bbox 1411 413 1559 438; x_wconf 83' lang='lat' dir='ltr'><strong>crucem</strong></span> <span class='ocrx_word' id='word_1_35' title='bbox 1582 402 1688 438; x_wconf 86' lang='lat' dir='ltr'><strong>Pauli</strong></span> 
     </span>
     <span class='ocr_line' id='line_1_5' title="bbox 233 460 1170 509; baseline 0 -12"><span class='ocrx_word' id='word_1_36' title='bbox 233 461 396 497; x_wconf 89' lang='lat' dir='ltr'><strong>sufficiat</strong></span> <span class='ocrx_word' id='word_1_37' title='bbox 412 461 446 497; x_wconf 90' lang='lat' dir='ltr'><strong>ei</strong></span> <span class='ocrx_word' id='word_1_38' title='bbox 464 461 511 498; x_wconf 84' lang='lat' dir='ltr'><strong>ad</strong></span> <span class='ocrx_word' id='word_1_39' title='bbox 529 461 787 509; x_wconf 88' lang='lat' dir='ltr'><strong>incipiendum</strong></span> <span class='ocrx_word' id='word_1_40' title='bbox 804 462 844 498; x_wconf 89' lang='lat' dir='ltr'><strong>in</strong></span> <span class='ocrx_word' id='word_1_41' title='bbox 861 473 967 497; x_wconf 78' lang='lat' dir='ltr'><strong>sacra</strong></span> <span class='ocrx_word' id='word_1_42' title='bbox 983 460 1170 508; x_wconf 75' lang='lat' dir='ltr'><strong>theologia</strong></span> 
     </span>
    </p>

    <p class='ocr_par' dir='ltr' id='par_1_4' title="bbox 140 520 1691 746">
     <span class='ocr_line' id='line_1_6' title="bbox 140 520 1690 567; baseline -0.001 -11"><span class='ocrx_word' id='word_1_43' title='bbox 140 520 239 556; x_wconf 92' lang='lat' dir='ltr'><strong>Item</strong></span> <span class='ocrx_word' id='word_1_44' title='bbox 261 520 480 557; x_wconf 76' lang='lat' dir='ltr'><strong>conceditur</strong></span> <span class='ocrx_word' id='word_1_45' title='bbox 501 521 624 557; x_wconf 86' lang='lat' dir='ltr'><strong>eidem</strong></span> <span class='ocrx_word' id='word_1_46' title='bbox 641 524 684 557; x_wconf 92' lang='lat' dir='ltr'><strong>vt</strong></span> <span class='ocrx_word' id='word_1_47' title='bbox 706 533 830 557; x_wconf 90' lang='lat' dir='ltr'><strong>sermo</strong></span> <span class='ocrx_word' id='word_1_48' title='bbox 853 521 1146 557; x_wconf 81' lang='lat' dir='ltr'><strong>examinatorius</strong></span> <span class='ocrx_word' id='word_1_49' title='bbox 1168 520 1216 556; x_wconf 90' lang='lat' dir='ltr'><strong>ad</strong></span> <span class='ocrx_word' id='word_1_50' title='bbox 1232 532 1346 567; x_wconf 88' lang='lat' dir='ltr'><strong>quem</strong></span> <span class='ocrx_word' id='word_1_51' title='bbox 1369 522 1522 556; x_wconf 86' lang='lat' dir='ltr'><strong>tenetur</strong></span> <span class='ocrx_word' id='word_1_52' title='bbox 1542 520 1690 556; x_wconf 79' lang='lat' dir='ltr'><strong>racione</strong></span> 
     </span>
     <span class='ocr_line' id='line_1_7' title="bbox 231 579 1691 627; baseline -0.001 -11"><span class='ocrx_word' id='word_1_53' title='bbox 231 580 368 627; x_wconf 84' lang='lat' dir='ltr'><strong>gradus</strong></span> <span class='ocrx_word' id='word_1_54' title='bbox 390 580 608 616; x_wconf 84' lang='lat' dir='ltr'><strong>doctoratus</strong></span> <span class='ocrx_word' id='word_1_55' title='bbox 628 580 668 616; x_wconf 91' lang='lat' dir='ltr'><strong>in</strong></span> <span class='ocrx_word' id='word_1_56' title='bbox 689 580 878 627; x_wconf 80' lang='lat' dir='ltr'><strong>theologia</strong></span> <span class='ocrx_word' id='word_1_57' title='bbox 893 579 1125 627; x_wconf 88' lang='lat' dir='ltr'><strong>suscipiendi</strong></span> <span class='ocrx_word' id='word_1_58' title='bbox 1143 579 1282 616; x_wconf 80' lang='lat' dir='ltr'><strong>differri</strong></span> <span class='ocrx_word' id='word_1_59' title='bbox 1301 580 1421 626; x_wconf 82' lang='lat' dir='ltr'><strong>possit</strong></span> <span class='ocrx_word' id='word_1_60' title='bbox 1436 579 1490 615; x_wconf 89' lang='lat' dir='ltr'><strong>sic</strong></span> <span class='ocrx_word' id='word_1_61' title='bbox 1506 579 1607 626; x_wconf 89' lang='lat' dir='ltr'><strong>quod</strong></span> <span class='ocrx_word' id='word_1_62' title='bbox 1623 579 1691 615; x_wconf 86' lang='lat' dir='ltr'><strong>fiat</strong></span> 
     </span>
     <span class='ocr_line' id='line_1_8' title="bbox 231 638 1691 687; baseline -0.001 -11"><span class='ocrx_word' id='word_1_63' title='bbox 231 639 327 675; x_wconf 86' lang='lat' dir='ltr'><strong>citra</strong></span> <span class='ocrx_word' id='word_1_64' title='bbox 342 639 669 686; x_wconf 82' lang='lat' dir='ltr'><strong>quadragesimam</strong></span> <span class='ocrx_word' id='word_1_65' title='bbox 688 640 898 687; x_wconf 83' lang='lat' dir='ltr'><strong>proximam</strong></span> <span class='ocrx_word' id='word_1_66' title='bbox 915 639 987 676; x_wconf 90' lang='lat' dir='ltr'><strong>sub</strong></span> <span class='ocrx_word' id='word_1_67' title='bbox 1005 651 1102 687; x_wconf 85' lang='lat' dir='ltr'><strong>pena</strong></span> <span class='ocrx_word' id='word_1_68' title='bbox 1118 639 1308 675; x_wconf 87' lang='lat' dir='ltr'><strong>caucionis</strong></span> <span class='ocrx_word' id='word_1_69' title='bbox 1324 639 1436 675; x_wconf 87' lang='lat' dir='ltr'><strong>realis</strong></span> <span class='ocrx_word' id='word_1_70' title='bbox 1452 638 1503 674; x_wconf 81' lang='lat' dir='ltr'><strong>xl·</strong></span> <span class='ocrx_word' id='word_1_71' title='bbox 1519 638 1691 686; x_wconf 85' lang='lat' dir='ltr'><strong>ponende</strong></span> 
     </span>
     <span class='ocr_line' id='line_1_9' title="bbox 231 697 1233 746; baseline 0.001 -12"><span class='ocrx_word' id='word_1_72' title='bbox 231 698 271 734; x_wconf 91' lang='lat' dir='ltr'><strong>in</strong></span> <span class='ocrx_word' id='word_1_73' title='bbox 287 697 463 734; x_wconf 85' lang='lat' dir='ltr'><strong>manibus</strong></span> <span class='ocrx_word' id='word_1_74' title='bbox 480 702 766 746; x_wconf 83' lang='lat' dir='ltr'><strong>procuratorum</strong></span> <span class='ocrx_word' id='word_1_75' title='bbox 781 702 988 746; x_wconf 84' lang='lat' dir='ltr'><strong>antequam</strong></span> <span class='ocrx_word' id='word_1_76' title='bbox 1004 698 1233 735; x_wconf 75' lang='lat' dir='ltr'><strong>admittatur</strong></span> 
     </span>
    </p>
   </div>
   <div class='ocr_carea' id='block_1_4' title="bbox 371 946 1456 991">
    <p class='ocr_par' dir='ltr' id='par_1_5' title="bbox 371 946 1456 991">
     <span class='ocr_line' id='line_1_10' title="bbox 371 946 1456 991; baseline 0.001 -2"><span class='ocrx_word' id='word_1_77' title='bbox 371 946 524 990; x_wconf 89' lang='lat' dir='ltr'><strong>Gracie</strong></span> <span class='ocrx_word' id='word_1_78' title='bbox 546 947 663 990; x_wconf 85' lang='lat' dir='ltr'><strong>varie</strong></span> <span class='ocrx_word' id='word_1_79' title='bbox 685 953 730 990; x_wconf 89' lang='lat' dir='ltr'><strong>et</strong></span> <span class='ocrx_word' id='word_1_80' title='bbox 753 948 919 991; x_wconf 90' lang='lat' dir='ltr'><strong>nullam</strong></span> <span class='ocrx_word' id='word_1_81' title='bbox 941 948 1123 990; x_wconf 86' lang='lat' dir='ltr'><strong>formam</strong></span> <span class='ocrx_word' id='word_1_82' title='bbox 1147 953 1456 991; x_wconf 85' lang='lat' dir='ltr'><strong>concernentes</strong></span> 
     </span>
    </p>
   </div>
   <div class='ocr_carea' id='block_1_5' title="bbox 133 1066 1689 2182">
    <p class='ocr_par' dir='ltr' id='par_1_6' title="bbox 137 1066 1689 1352">
     <span class='ocr_line' id='line_1_11' title="bbox 137 1066 1689 1116; baseline 0.002 -14"><span class='ocrx_word' id='word_1_83' title='bbox 137 1066 184 1102; x_wconf 90' lang='lat' dir='ltr'><strong>In</strong></span> <span class='ocrx_word' id='word_1_84' title='bbox 206 1066 340 1114; x_wconf 89' lang='lat' dir='ltr'><strong>primis</strong></span> <span class='ocrx_word' id='word_1_85' title='bbox 362 1067 580 1104; x_wconf 85' lang='lat' dir='ltr'><strong>conceditur</strong></span> <span class='ocrx_word' id='word_1_86' title='bbox 596 1071 638 1104; x_wconf 91' lang='lat' dir='ltr'><strong>vt</strong></span> <span class='ocrx_word' id='word_1_87' title='bbox 660 1068 741 1104; x_wconf 91' lang='lat' dir='ltr'><strong>loco</strong></span> <span class='ocrx_word' id='word_1_88' title='bbox 764 1069 1031 1116; x_wconf 83' lang='lat' dir='ltr'><strong>magistrorum</strong></span> <span class='ocrx_word' id='word_1_89' title='bbox 1056 1069 1217 1116; x_wconf 88' lang='lat' dir='ltr'><strong>Moptyd</strong></span> <span class='ocrx_word' id='word_1_90' title='bbox 1241 1072 1279 1105; x_wconf 92' lang='lat' dir='ltr'><strong>et</strong></span> <span class='ocrx_word' id='word_1_91' title='bbox 1302 1069 1522 1116; x_wconf 86' lang='lat' dir='ltr'><strong>Segeswyke</strong></span> <span class='ocrx_word' id='word_1_92' title='bbox 1542 1069 1689 1105; x_wconf 87' lang='lat' dir='ltr'><strong>audito-</strong></span> 
     </span>
     <span class='ocr_line' id='line_1_12' title="bbox 232 1125 1689 1174; baseline 0.001 -13"><span class='ocrx_word' id='word_1_93' title='bbox 232 1137 317 1161; x_wconf 87' lang='lat' dir='ltr'><strong>rum</strong></span> <span class='ocrx_word' id='word_1_94' title='bbox 334 1125 428 1161; x_wconf 88' lang='lat' dir='ltr'><strong>ciste</strong></span> <span class='ocrx_word' id='word_1_95' title='bbox 445 1127 655 1162; x_wconf 86' lang='lat' dir='ltr'><strong>communis</strong></span> <span class='ocrx_word' id='word_1_96' title='bbox 672 1126 888 1163; x_wconf 89' lang='lat' dir='ltr'><strong>absentium</strong></span> <span class='ocrx_word' id='word_1_97' title='bbox 905 1127 1146 1174; x_wconf 86' lang='lat' dir='ltr'><strong>assignentur</strong></span> <span class='ocrx_word' id='word_1_98' title='bbox 1162 1128 1334 1174; x_wconf 85' lang='lat' dir='ltr'><strong>magistri</strong></span> <span class='ocrx_word' id='word_1_99' title='bbox 1351 1127 1475 1174; x_wconf 86' lang='lat' dir='ltr'><strong>Cosyn</strong></span> <span class='ocrx_word' id='word_1_100' title='bbox 1498 1131 1537 1163; x_wconf 92' lang='lat' dir='ltr'><strong>et</strong></span> <span class='ocrx_word' id='word_1_101' title='bbox 1561 1127 1689 1164; x_wconf 91' lang='lat' dir='ltr'><strong>Bovell</strong></span> 
     </span>
     <span class='ocr_line' id='line_1_13' title="bbox 231 1184 1689 1234; baseline 0.001 -14"><span class='ocrx_word' id='word_1_102' title='bbox 231 1187 346 1231; x_wconf 88' lang='lat' dir='ltr'><strong>atque</strong></span> <span class='ocrx_word' id='word_1_103' title='bbox 368 1188 412 1220; x_wconf 90' lang='lat' dir='ltr'><strong>vt</strong></span> <span class='ocrx_word' id='word_1_104' title='bbox 436 1184 539 1221; x_wconf 90' lang='lat' dir='ltr'><strong>illius</strong></span> <span class='ocrx_word' id='word_1_105' title='bbox 564 1188 762 1233; x_wconf 91' lang='lat' dir='ltr'><strong>compotus</strong></span> <span class='ocrx_word' id='word_1_106' title='bbox 783 1186 970 1222; x_wconf 88' lang='lat' dir='ltr'><strong>habeatur</strong></span> <span class='ocrx_word' id='word_1_107' title='bbox 992 1187 1089 1222; x_wconf 88' lang='lat' dir='ltr'><strong>citra</strong></span> <span class='ocrx_word' id='word_1_108' title='bbox 1105 1187 1337 1234; x_wconf 85' lang='lat' dir='ltr'><strong>quindenam</strong></span> <span class='ocrx_word' id='word_1_109' title='bbox 1359 1191 1398 1223; x_wconf 87' lang='lat' dir='ltr'><strong>et</strong></span> <span class='ocrx_word' id='word_1_110' title='bbox 1420 1187 1453 1222; x_wconf 87' lang='lat' dir='ltr'><strong>si</strong></span> <span class='ocrx_word' id='word_1_111' title='bbox 1475 1186 1622 1233; x_wconf 87' lang='lat' dir='ltr'><strong>aliquos</strong></span> <span class='ocrx_word' id='word_1_112' title='bbox 1643 1198 1689 1222; x_wconf 83' lang='lat' dir='ltr'><strong>ex</strong></span> 
     </span>
     <span class='ocr_line' id='line_1_14' title="bbox 231 1243 1689 1294; baseline 0.001 -14"><span class='ocrx_word' id='word_1_113' title='bbox 231 1243 468 1281; x_wconf 85' lang='lat' dir='ltr'><strong>auditoribus</strong></span> <span class='ocrx_word' id='word_1_114' title='bbox 489 1244 620 1282; x_wconf 87' lang='lat' dir='ltr'><strong>abesse</strong></span> <span class='ocrx_word' id='word_1_115' title='bbox 642 1245 846 1293; x_wconf 89' lang='lat' dir='ltr'><strong>contigerit</strong></span> <span class='ocrx_word' id='word_1_116' title='bbox 862 1249 905 1282; x_wconf 88' lang='lat' dir='ltr'><strong>vt</strong></span> <span class='ocrx_word' id='word_1_117' title='bbox 921 1245 1099 1282; x_wconf 91' lang='lat' dir='ltr'><strong>dominus</strong></span> <span class='ocrx_word' id='word_1_118' title='bbox 1115 1246 1427 1294; x_wconf 86' lang='lat' dir='ltr'><strong>procancellarius</strong></span> <span class='ocrx_word' id='word_1_119' title='bbox 1443 1246 1592 1282; x_wconf 81' lang='lat' dir='ltr'><strong>illorum</strong></span> <span class='ocrx_word' id='word_1_120' title='bbox 1609 1246 1689 1282; x_wconf 90' lang='lat' dir='ltr'><strong>loco</strong></span> 
     </span>
     <span class='ocr_line' id='line_1_15' title="bbox 230 1303 709 1352; baseline 0.002 -12"><span class='ocrx_word' id='word_1_121' title='bbox 230 1303 324 1340; x_wconf 88' lang='lat' dir='ltr'><strong>alios</strong></span> <span class='ocrx_word' id='word_1_122' title='bbox 341 1305 572 1341; x_wconf 86' lang='lat' dir='ltr'><strong>constituere</strong></span> <span class='ocrx_word' id='word_1_123' title='bbox 588 1305 709 1352; x_wconf 84' lang='lat' dir='ltr'><strong>possit</strong></span> 
     </span>
    </p>

    <p class='ocr_par' dir='ltr' id='par_1_7' title="bbox 138 1363 1689 1471">
     <span class='ocr_line' id='line_1_16' title="bbox 138 1363 1689 1413; baseline 0.001 -14"><span class='ocrx_word' id='word_1_124' title='bbox 138 1363 237 1400; x_wconf 87' lang='lat' dir='ltr'><strong>Item</strong></span> <span class='ocrx_word' id='word_1_125' title='bbox 260 1363 522 1411; x_wconf 89' lang='lat' dir='ltr'><strong>dispensatum</strong></span> <span class='ocrx_word' id='word_1_126' title='bbox 545 1368 604 1401; x_wconf 90' lang='lat' dir='ltr'><strong>est</strong></span> <span class='ocrx_word' id='word_1_127' title='bbox 625 1377 712 1401; x_wconf 91' lang='lat' dir='ltr'><strong>cum</strong></span> <span class='ocrx_word' id='word_1_128' title='bbox 736 1365 917 1412; x_wconf 78' lang='lat' dir='ltr'><strong>magistro</strong></span> <span class='ocrx_word' id='word_1_129' title='bbox 940 1365 1088 1413; x_wconf 85' lang='lat' dir='ltr'><strong>Drurye</strong></span> <span class='ocrx_word' id='word_1_130' title='bbox 1105 1365 1307 1413; x_wconf 83' lang='lat' dir='ltr'><strong>superioris</strong></span> <span class='ocrx_word' id='word_1_131' title='bbox 1323 1365 1414 1401; x_wconf 88' lang='lat' dir='ltr'><strong>anni</strong></span> <span class='ocrx_word' id='word_1_132' title='bbox 1432 1365 1471 1400; x_wconf 93' lang='lat' dir='ltr'><strong>in</strong></span> <span class='ocrx_word' id='word_1_133' title='bbox 1489 1365 1569 1401; x_wconf 89' lang='lat' dir='ltr'><strong>iure</strong></span> <span class='ocrx_word' id='word_1_134' title='bbox 1585 1364 1689 1401; x_wconf 89' lang='lat' dir='ltr'><strong>ciuili</strong></span> 
     </span>
     <span class='ocr_line' id='line_1_17' title="bbox 232 1422 1592 1471; baseline 0.001 -12"><span class='ocrx_word' id='word_1_135' title='bbox 232 1422 498 1460; x_wconf 86' lang='lat' dir='ltr'><strong>bacchalaureo</strong></span> <span class='ocrx_word' id='word_1_136' title='bbox 515 1423 561 1460; x_wconf 91' lang='lat' dir='ltr'><strong>de</strong></span> <span class='ocrx_word' id='word_1_137' title='bbox 578 1436 653 1460; x_wconf 91' lang='lat' dir='ltr'><strong>non</strong></span> <span class='ocrx_word' id='word_1_138' title='bbox 671 1423 827 1471; x_wconf 87' lang='lat' dir='ltr'><strong>legendo</strong></span> <span class='ocrx_word' id='word_1_139' title='bbox 843 1424 898 1460; x_wconf 87' lang='lat' dir='ltr'><strong>sic</strong></span> <span class='ocrx_word' id='word_1_140' title='bbox 914 1423 1015 1471; x_wconf 89' lang='lat' dir='ltr'><strong>quod</strong></span> <span class='ocrx_word' id='word_1_141' title='bbox 1032 1424 1155 1460; x_wconf 87' lang='lat' dir='ltr'><strong>solvat</strong></span> <span class='ocrx_word' id='word_1_142' title='bbox 1172 1423 1389 1461; x_wconf 73' lang='lat' dir='ltr'><strong>achademie</strong></span> <span class='ocrx_word' id='word_1_143' title='bbox 1405 1424 1441 1471; x_wconf 91' lang='lat' dir='ltr'><strong>vj</strong></span> <span class='ocrx_word' id='word_1_144' title='bbox 1454 1436 1473 1460; x_wconf 90' lang='lat' dir='ltr'><strong>s</strong></span> <span class='ocrx_word' id='word_1_145' title='bbox 1490 1424 1554 1471; x_wconf 85' lang='lat' dir='ltr'><strong>viij</strong></span> <span class='ocrx_word' id='word_1_146' title='bbox 1567 1424 1592 1460; x_wconf 92' lang='lat' dir='ltr'><strong>d</strong></span> 
     </span>
    </p>

    <p class='ocr_par' dir='ltr' id='par_1_8' title="bbox 137 1481 1063 1531">
     <span class='ocr_line' id='line_1_18' title="bbox 137 1481 1063 1531; baseline 0.002 -13"><span class='ocrx_word' id='word_1_147' title='bbox 137 1481 353 1518; x_wconf 87' lang='lat' dir='ltr'><strong>Consimilis</strong></span> <span class='ocrx_word' id='word_1_148' title='bbox 369 1483 491 1529; x_wconf 86' lang='lat' dir='ltr'><strong>gratia</strong></span> <span class='ocrx_word' id='word_1_149' title='bbox 508 1483 726 1520; x_wconf 88' lang='lat' dir='ltr'><strong>conceditur</strong></span> <span class='ocrx_word' id='word_1_150' title='bbox 742 1483 923 1531; x_wconf 88' lang='lat' dir='ltr'><strong>magistro</strong></span> <span class='ocrx_word' id='word_1_151' title='bbox 942 1483 1063 1519; x_wconf 88' lang='lat' dir='ltr'><strong>Harte</strong></span> 
     </span>
    </p>

    <p class='ocr_par' dir='ltr' id='par_1_9' title="bbox 138 1541 1689 1827">
     <span class='ocr_line' id='line_1_19' title="bbox 138 1541 1689 1591; baseline 0.001 -14"><span class='ocrx_word' id='word_1_152' title='bbox 138 1541 236 1578; x_wconf 89' lang='lat' dir='ltr'><strong>Item</strong></span> <span class='ocrx_word' id='word_1_153' title='bbox 267 1541 486 1578; x_wconf 85' lang='lat' dir='ltr'><strong>conceditur</strong></span> <span class='ocrx_word' id='word_1_154' title='bbox 509 1546 552 1579; x_wconf 93' lang='lat' dir='ltr'><strong>vt</strong></span> <span class='ocrx_word' id='word_1_155' title='bbox 581 1544 711 1579; x_wconf 87' lang='lat' dir='ltr'><strong>doctor</strong></span> <span class='ocrx_word' id='word_1_156' title='bbox 739 1543 878 1580; x_wconf 90' lang='lat' dir='ltr'><strong>Mowse</strong></span> <span class='ocrx_word' id='word_1_157' title='bbox 903 1543 1075 1590; x_wconf 85' lang='lat' dir='ltr'><strong>magistri</strong></span> <span class='ocrx_word' id='word_1_158' title='bbox 1107 1543 1296 1591; x_wconf 88' lang='lat' dir='ltr'><strong>Perpoynt</strong></span> <span class='ocrx_word' id='word_1_159' title='bbox 1322 1543 1491 1591; x_wconf 88' lang='lat' dir='ltr'><strong>Bygrave</strong></span> <span class='ocrx_word' id='word_1_160' title='bbox 1514 1542 1689 1590; x_wconf 87' lang='lat' dir='ltr'><strong>Whynke</strong></span> 
     </span>
     <span class='ocr_line' id='line_1_20' title="bbox 228 1600 1689 1650; baseline 0.001 -14"><span class='ocrx_word' id='word_1_161' title='bbox 228 1603 268 1636; x_wconf 92' lang='lat' dir='ltr'><strong>et</strong></span> <span class='ocrx_word' id='word_1_162' title='bbox 292 1600 386 1636; x_wconf 88' lang='lat' dir='ltr'><strong>Yale</strong></span> <span class='ocrx_word' id='word_1_163' title='bbox 411 1601 488 1637; x_wconf 86' lang='lat' dir='ltr'><strong>sint</strong></span> <span class='ocrx_word' id='word_1_164' title='bbox 515 1601 663 1648; x_wconf 90' lang='lat' dir='ltr'><strong>judices</strong></span> <span class='ocrx_word' id='word_1_165' title='bbox 691 1602 853 1648; x_wconf 87' lang='lat' dir='ltr'><strong>delegati</strong></span> <span class='ocrx_word' id='word_1_166' title='bbox 882 1603 922 1638; x_wconf 92' lang='lat' dir='ltr'><strong>in</strong></span> <span class='ocrx_word' id='word_1_167' title='bbox 949 1614 1063 1638; x_wconf 87' lang='lat' dir='ltr'><strong>causa</strong></span> <span class='ocrx_word' id='word_1_168' title='bbox 1091 1603 1359 1650; x_wconf 84' lang='lat' dir='ltr'><strong>appellacionis</strong></span> <span class='ocrx_word' id='word_1_169' title='bbox 1385 1603 1485 1638; x_wconf 86' lang='lat' dir='ltr'><strong>inter</strong></span> <span class='ocrx_word' id='word_1_170' title='bbox 1515 1602 1689 1639; x_wconf 89' lang='lat' dir='ltr'><strong>dominos</strong></span> 
     </span>
     <span class='ocr_line' id='line_1_21' title="bbox 228 1659 1687 1709; baseline 0.001 -13"><span class='ocrx_word' id='word_1_171' title='bbox 228 1661 419 1696; x_wconf 82' lang='lat' dir='ltr'><strong>taxatores</strong></span> <span class='ocrx_word' id='word_1_172' title='bbox 446 1662 486 1695; x_wconf 87' lang='lat' dir='ltr'><strong>et</strong></span> <span class='ocrx_word' id='word_1_173' title='bbox 513 1659 744 1696; x_wconf 90' lang='lat' dir='ltr'><strong>Willelmum</strong></span> <span class='ocrx_word' id='word_1_174' title='bbox 774 1661 935 1708; x_wconf 87' lang='lat' dir='ltr'><strong>Bradley</strong></span> <span class='ocrx_word' id='word_1_175' title='bbox 964 1661 1211 1697; x_wconf 87' lang='lat' dir='ltr'><strong>brasiatorem</strong></span> <span class='ocrx_word' id='word_1_176' title='bbox 1240 1660 1435 1708; x_wconf 89' lang='lat' dir='ltr'><strong>publicum</strong></span> <span class='ocrx_word' id='word_1_177' title='bbox 1495 1661 1557 1697; x_wconf 83' lang='lat' dir='ltr'><strong>Ita</strong></span> <span class='ocrx_word' id='word_1_178' title='bbox 1585 1660 1687 1709; x_wconf 92' lang='lat' dir='ltr'><strong>quod</strong></span> 
     </span>
     <span class='ocr_line' id='line_1_22' title="bbox 228 1718 1686 1767; baseline 0.003 -14"><span class='ocrx_word' id='word_1_179' title='bbox 228 1718 409 1765; x_wconf 88' lang='lat' dir='ltr'><strong>quicquid</strong></span> <span class='ocrx_word' id='word_1_180' title='bbox 431 1718 567 1755; x_wconf 89' lang='lat' dir='ltr'><strong>horum</strong></span> <span class='ocrx_word' id='word_1_181' title='bbox 591 1720 711 1756; x_wconf 88' lang='lat' dir='ltr'><strong>maior</strong></span> <span class='ocrx_word' id='word_1_182' title='bbox 730 1731 818 1767; x_wconf 89' lang='lat' dir='ltr'><strong>pars</strong></span> <span class='ocrx_word' id='word_1_183' title='bbox 833 1720 1044 1758; x_wconf 88' lang='lat' dir='ltr'><strong>decreuerit</strong></span> <span class='ocrx_word' id='word_1_184' title='bbox 1061 1724 1187 1757; x_wconf 88' lang='lat' dir='ltr'><strong>vestro</strong></span> <span class='ocrx_word' id='word_1_185' title='bbox 1203 1721 1372 1757; x_wconf 90' lang='lat' dir='ltr'><strong>omnium</strong></span> <span class='ocrx_word' id='word_1_186' title='bbox 1390 1721 1543 1757; x_wconf 90' lang='lat' dir='ltr'><strong>nomine</strong></span> <span class='ocrx_word' id='word_1_187' title='bbox 1559 1723 1686 1757; x_wconf 88' lang='lat' dir='ltr'><strong>ratum</strong></span> 
     </span>
     <span class='ocr_line' id='line_1_23' title="bbox 230 1776 1559 1827; baseline 0.002 -14"><span class='ocrx_word' id='word_1_188' title='bbox 230 1776 415 1813; x_wconf 88' lang='lat' dir='ltr'><strong>habeatur</strong></span> <span class='ocrx_word' id='word_1_189' title='bbox 431 1781 470 1813; x_wconf 91' lang='lat' dir='ltr'><strong>et</strong></span> <span class='ocrx_word' id='word_1_190' title='bbox 486 1778 715 1814; x_wconf 80' lang='lat' dir='ltr'><strong>terminetur</strong></span> <span class='ocrx_word' id='word_1_191' title='bbox 732 1779 799 1815; x_wconf 90' lang='lat' dir='ltr'><strong>hec</strong></span> <span class='ocrx_word' id='word_1_192' title='bbox 816 1791 929 1815; x_wconf 87' lang='lat' dir='ltr'><strong>causa</strong></span> <span class='ocrx_word' id='word_1_193' title='bbox 945 1780 1042 1816; x_wconf 86' lang='lat' dir='ltr'><strong>citra</strong></span> <span class='ocrx_word' id='word_1_194' title='bbox 1058 1780 1210 1816; x_wconf 89' lang='lat' dir='ltr'><strong>initium</strong></span> <span class='ocrx_word' id='word_1_195' title='bbox 1228 1780 1388 1827; x_wconf 86' lang='lat' dir='ltr'><strong>proximi</strong></span> <span class='ocrx_word' id='word_1_196' title='bbox 1406 1781 1559 1816; x_wconf 87' lang='lat' dir='ltr'><strong>termini</strong></span> 
     </span>
    </p>

    <p class='ocr_par' dir='ltr' id='par_1_10' title="bbox 135 1835 1686 2003">
     <span class='ocr_line' id='line_1_24' title="bbox 135 1835 1686 1886; baseline 0.001 -14"><span class='ocrx_word' id='word_1_197' title='bbox 135 1835 234 1872; x_wconf 84' lang='lat' dir='ltr'><strong>Item</strong></span> <span class='ocrx_word' id='word_1_198' title='bbox 247 1836 464 1872; x_wconf 89' lang='lat' dir='ltr'><strong>conceditur</strong></span> <span class='ocrx_word' id='word_1_199' title='bbox 476 1839 518 1873; x_wconf 88' lang='lat' dir='ltr'><strong>vt</strong></span> <span class='ocrx_word' id='word_1_200' title='bbox 531 1836 662 1873; x_wconf 91' lang='lat' dir='ltr'><strong>doctor</strong></span> <span class='ocrx_word' id='word_1_201' title='bbox 674 1837 866 1874; x_wconf 77' lang='lat' dir='ltr'><strong>Atkinson</strong></span> <span class='ocrx_word' id='word_1_202' title='bbox 881 1838 1095 1886; x_wconf 86' lang='lat' dir='ltr'><strong>prepositus</strong></span> <span class='ocrx_word' id='word_1_203' title='bbox 1107 1838 1250 1885; x_wconf 88' lang='lat' dir='ltr'><strong>collegii</strong></span> <span class='ocrx_word' id='word_1_204' title='bbox 1269 1839 1418 1885; x_wconf 86' lang='lat' dir='ltr'><strong>Regalis</strong></span> <span class='ocrx_word' id='word_1_205' title='bbox 1430 1839 1550 1886; x_wconf 90' lang='lat' dir='ltr'><strong>possit</strong></span> <span class='ocrx_word' id='word_1_206' title='bbox 1563 1850 1686 1885; x_wconf 90' lang='lat' dir='ltr'><strong>regere</strong></span> 
     </span>
     <span class='ocr_line' id='line_1_25' title="bbox 229 1896 1686 1944; baseline 0.002 -13"><span class='ocrx_word' id='word_1_207' title='bbox 229 1898 269 1931; x_wconf 90' lang='lat' dir='ltr'><strong>et</strong></span> <span class='ocrx_word' id='word_1_208' title='bbox 293 1907 368 1931; x_wconf 90' lang='lat' dir='ltr'><strong>non</strong></span> <span class='ocrx_word' id='word_1_209' title='bbox 392 1907 516 1943; x_wconf 88' lang='lat' dir='ltr'><strong>regere</strong></span> <span class='ocrx_word' id='word_1_210' title='bbox 540 1896 587 1932; x_wconf 87' lang='lat' dir='ltr'><strong>ad</strong></span> <span class='ocrx_word' id='word_1_211' title='bbox 612 1896 795 1944; x_wconf 89' lang='lat' dir='ltr'><strong>placitum</strong></span> <span class='ocrx_word' id='word_1_212' title='bbox 812 1897 866 1934; x_wconf 87' lang='lat' dir='ltr'><strong>sic</strong></span> <span class='ocrx_word' id='word_1_213' title='bbox 884 1900 926 1933; x_wconf 88' lang='lat' dir='ltr'><strong>vt</strong></span> <span class='ocrx_word' id='word_1_214' title='bbox 947 1898 1069 1934; x_wconf 89' lang='lat' dir='ltr'><strong>solvat</strong></span> <span class='ocrx_word' id='word_1_215' title='bbox 1086 1898 1216 1934; x_wconf 88' lang='lat' dir='ltr'><strong>aerario</strong></span> <span class='ocrx_word' id='word_1_216' title='bbox 1232 1898 1423 1934; x_wconf 91' lang='lat' dir='ltr'><strong>communi</strong></span> <span class='ocrx_word' id='word_1_217' title='bbox 1442 1904 1502 1934; x_wconf 84' lang='lat' dir='ltr'><strong>xx·</strong></span> <span class='ocrx_word' id='word_1_218' title='bbox 1559 1898 1686 1944; x_wconf 90' lang='lat' dir='ltr'><strong>(solvit</strong></span> 
     </span>
     <span class='ocr_line' id='line_1_26' title="bbox 230 1953 627 2003; baseline 0.005 -14"><span class='ocrx_word' id='word_1_219' title='bbox 230 1953 300 1990; x_wconf 91' lang='lat' dir='ltr'><strong>hoc</strong></span> <span class='ocrx_word' id='word_1_220' title='bbox 316 1965 416 1990; x_wconf 88' lang='lat' dir='ltr'><strong>anno</strong></span> <span class='ocrx_word' id='word_1_221' title='bbox 466 1955 627 2003; x_wconf 75' lang='lat' dir='ltr'><strong>marqin)</strong></span> 
     </span>
    </p>

    <p class='ocr_par' dir='ltr' id='par_1_11' title="bbox 135 2013 1685 2121">
     <span class='ocr_line' id='line_1_27' title="bbox 135 2013 1685 2064; baseline 0.001 -14"><span class='ocrx_word' id='word_1_222' title='bbox 135 2013 235 2050; x_wconf 91' lang='lat' dir='ltr'><strong>Item</strong></span> <span class='ocrx_word' id='word_1_223' title='bbox 256 2013 473 2050; x_wconf 89' lang='lat' dir='ltr'><strong>conceditur</strong></span> <span class='ocrx_word' id='word_1_224' title='bbox 494 2014 648 2050; x_wconf 91' lang='lat' dir='ltr'><strong>domino</strong></span> <span class='ocrx_word' id='word_1_225' title='bbox 670 2016 962 2062; x_wconf 87' lang='lat' dir='ltr'><strong>procanoellario</strong></span> <span class='ocrx_word' id='word_1_226' title='bbox 979 2019 1021 2052; x_wconf 90' lang='lat' dir='ltr'><strong>vt</strong></span> <span class='ocrx_word' id='word_1_227' title='bbox 1043 2017 1164 2063; x_wconf 83' lang='lat' dir='ltr'><strong>possit</strong></span> <span class='ocrx_word' id='word_1_228' title='bbox 1186 2028 1310 2064; x_wconf 85' lang='lat' dir='ltr'><strong>regere</strong></span> <span class='ocrx_word' id='word_1_229' title='bbox 1332 2021 1372 2053; x_wconf 90' lang='lat' dir='ltr'><strong>et</strong></span> <span class='ocrx_word' id='word_1_230' title='bbox 1395 2028 1469 2052; x_wconf 88' lang='lat' dir='ltr'><strong>non</strong></span> <span class='ocrx_word' id='word_1_231' title='bbox 1490 2028 1614 2064; x_wconf 87' lang='lat' dir='ltr'><strong>regere</strong></span> <span class='ocrx_word' id='word_1_232' title='bbox 1636 2016 1685 2053; x_wconf 80' lang='lat' dir='ltr'><strong>ad</strong></span> 
     </span>
     <span class='ocr_line' id='line_1_28' title="bbox 228 2072 1042 2121; baseline 0.004 -13"><span class='ocrx_word' id='word_1_233' title='bbox 228 2072 410 2120; x_wconf 90' lang='lat' dir='ltr'><strong>placitum</strong></span> <span class='ocrx_word' id='word_1_234' title='bbox 427 2073 481 2109; x_wconf 91' lang='lat' dir='ltr'><strong>sic</strong></span> <span class='ocrx_word' id='word_1_235' title='bbox 498 2074 599 2121; x_wconf 92' lang='lat' dir='ltr'><strong>quod</strong></span> <span class='ocrx_word' id='word_1_236' title='bbox 616 2074 738 2110; x_wconf 87' lang='lat' dir='ltr'><strong>solvat</strong></span> <span class='ocrx_word' id='word_1_237' title='bbox 754 2075 972 2111; x_wconf 85' lang='lat' dir='ltr'><strong>achademie</strong></span> <span class='ocrx_word' id='word_1_238' title='bbox 989 2088 1012 2111; x_wconf 85' lang='lat' dir='ltr'><strong>x</strong></span> <span class='ocrx_word' id='word_1_239' title='bbox 1022 2087 1042 2111; x_wconf 90' lang='lat' dir='ltr'><strong>s</strong></span> 
     </span>
    </p>

    <p class='ocr_par' dir='ltr' id='par_1_12' title="bbox 133 2131 1178 2182">
     <span class='ocr_line' id='line_1_29' title="bbox 133 2131 1178 2182; baseline 0.004 -15"><span class='ocrx_word' id='word_1_240' title='bbox 133 2131 275 2168; x_wconf 86' lang='lat' dir='ltr'><strong>Eadem</strong></span> <span class='ocrx_word' id='word_1_241' title='bbox 292 2132 415 2178; x_wconf 87' lang='lat' dir='ltr'><strong>gratia</strong></span> <span class='ocrx_word' id='word_1_242' title='bbox 431 2133 650 2170; x_wconf 87' lang='lat' dir='ltr'><strong>conceditur</strong></span> <span class='ocrx_word' id='word_1_243' title='bbox 666 2133 883 2170; x_wconf 89' lang='lat' dir='ltr'><strong>doctoribus</strong></span> <span class='ocrx_word' id='word_1_244' title='bbox 900 2134 999 2182; x_wconf 86' lang='lat' dir='ltr'><strong>Glyn</strong></span> <span class='ocrx_word' id='word_1_245' title='bbox 1016 2137 1056 2171; x_wconf 90' lang='lat' dir='ltr'><strong>et</strong></span> <span class='ocrx_word' id='word_1_246' title='bbox 1073 2135 1178 2172; x_wconf 88' lang='lat' dir='ltr'><strong>Scott</strong></span> 
     </span>
    </p>
   </div>
   <div class='ocr_carea' id='block_1_6' title="bbox 761 2402 1052 2445">
    <p class='ocr_par' dir='ltr' id='par_1_13' title="bbox 761 2402 1052 2445">
     <span class='ocr_line' id='line_1_30' title="bbox 761 2402 1052 2445; baseline -0.003 0"><span class='ocrx_word' id='word_1_247' title='bbox 761 2402 913 2445; x_wconf 88' lang='lat' dir='ltr'><strong>Gratie</strong></span> <span class='ocrx_word' id='word_1_248' title='bbox 934 2402 1052 2445; x_wconf 87' lang='lat' dir='ltr'><strong>varie</strong></span> 
     </span>
    </p>
   </div>
   <div class='ocr_carea' id='block_1_7' title="bbox 134 2525 1845 2931">
    <p class='ocr_par' dir='ltr' id='par_1_14' title="bbox 134 2525 1845 2752">
     <span class='ocr_line' id='line_1_31' title="bbox 134 2525 1845 2577; baseline 0.004 -15"><span class='ocrx_word' id='word_1_249' title='bbox 134 2525 234 2562; x_wconf 90' lang='lat' dir='ltr'><strong>Item</strong></span> <span class='ocrx_word' id='word_1_250' title='bbox 266 2525 483 2562; x_wconf 88' lang='lat' dir='ltr'><strong>conceditur</strong></span> <span class='ocrx_word' id='word_1_251' title='bbox 511 2530 554 2563; x_wconf 92' lang='lat' dir='ltr'><strong>vt</strong></span> <span class='ocrx_word' id='word_1_252' title='bbox 587 2528 768 2575; x_wconf 85' lang='lat' dir='ltr'><strong>magister</strong></span> <span class='ocrx_word' id='word_1_253' title='bbox 800 2529 1012 2577; x_wconf 84' lang='lat' dir='ltr'><strong>Hatheway</strong></span> <span class='ocrx_word' id='word_1_254' title='bbox 1040 2529 1184 2576; x_wconf 90' lang='lat' dir='ltr'><strong>collegii</strong></span> <span class='ocrx_word' id='word_1_255' title='bbox 1217 2529 1407 2576; x_wconf 87' lang='lat' dir='ltr'><strong>Reginalis</strong></span> <span class='ocrx_word' id='word_1_256' title='bbox 1438 2532 1478 2565; x_wconf 93' lang='lat' dir='ltr'><strong>et</strong></span> <span class='ocrx_word' id='word_1_257' title='bbox 1505 2529 1681 2566; x_wconf 87' lang='lat' dir='ltr'><strong>dominus</strong></span> <span class='ocrx_word' id='word_1_258' title='bbox 1698 2531 1726 2569; x_wconf 80' lang='lat' dir='ltr'><strong>f.</strong></span> <span class='ocrx_word' id='word_1_259' title='bbox 1750 2531 1800 2569; x_wconf 88' lang='lat'><strong>39</strong></span> <span class='ocrx_word' id='word_1_260' title='bbox 1820 2532 1845 2569; x_wconf 94' lang='lat' dir='ltr'>b</span> 
     </span>
     <span class='ocr_line' id='line_1_32' title="bbox 230 2584 1682 2636; baseline 0.003 -16"><span class='ocrx_word' id='word_1_261' title='bbox 230 2584 368 2620; x_wconf 88' lang='lat' dir='ltr'><strong>Manne</strong></span> <span class='ocrx_word' id='word_1_262' title='bbox 395 2585 538 2632; x_wconf 88' lang='lat' dir='ltr'><strong>collegii</strong></span> <span class='ocrx_word' id='word_1_263' title='bbox 565 2587 767 2623; x_wconf 85' lang='lat' dir='ltr'><strong>Trinitatis</strong></span> <span class='ocrx_word' id='word_1_264' title='bbox 792 2588 939 2634; x_wconf 86' lang='lat' dir='ltr'><strong>possint</strong></span> <span class='ocrx_word' id='word_1_265' title='bbox 963 2591 1089 2624; x_wconf 88' lang='lat' dir='ltr'><strong>vestro</strong></span> <span class='ocrx_word' id='word_1_266' title='bbox 1113 2588 1266 2624; x_wconf 87' lang='lat' dir='ltr'><strong>nomine</strong></span> <span class='ocrx_word' id='word_1_267' title='bbox 1292 2590 1331 2624; x_wconf 89' lang='lat' dir='ltr'><strong>et</strong></span> <span class='ocrx_word' id='word_1_268' title='bbox 1357 2589 1589 2624; x_wconf 85' lang='lat' dir='ltr'><strong>authoritate</strong></span> <span class='ocrx_word' id='word_1_269' title='bbox 1615 2601 1682 2636; x_wconf 86' lang='lat' dir='ltr'><strong>per</strong></span> 
     </span>
     <span class='ocr_line' id='line_1_33' title="bbox 226 2644 1680 2695; baseline 0.003 -15"><span class='ocrx_word' id='word_1_270' title='bbox 226 2644 356 2680; x_wconf 85' lang='lat' dir='ltr'><strong>literas</strong></span> <span class='ocrx_word' id='word_1_271' title='bbox 373 2648 518 2681; x_wconf 85' lang='lat' dir='ltr'><strong>vestras</strong></span> <span class='ocrx_word' id='word_1_272' title='bbox 533 2648 724 2683; x_wconf 80' lang='lat' dir='ltr'><strong>communi</strong></span> <span class='ocrx_word' id='word_1_273' title='bbox 741 2648 862 2694; x_wconf 89' lang='lat' dir='ltr'><strong>sigillo</strong></span> <span class='ocrx_word' id='word_1_274' title='bbox 878 2648 1095 2684; x_wconf 88' lang='lat' dir='ltr'><strong>achademie</strong></span> <span class='ocrx_word' id='word_1_275' title='bbox 1112 2648 1294 2695; x_wconf 85' lang='lat' dir='ltr'><strong>sigillatas</strong></span> <span class='ocrx_word' id='word_1_276' title='bbox 1317 2648 1503 2684; x_wconf 86' lang='lat' dir='ltr'><strong>nominari</strong></span> <span class='ocrx_word' id='word_1_277' title='bbox 1521 2652 1560 2684; x_wconf 90' lang='lat' dir='ltr'><strong>et</strong></span> <span class='ocrx_word' id='word_1_278' title='bbox 1577 2649 1680 2685; x_wconf 90' lang='lat' dir='ltr'><strong>mitti</strong></span> 
     </span>
     <span class='ocr_line' id='line_1_34' title="bbox 227 2702 1398 2752; baseline 0.003 -13"><span class='ocrx_word' id='word_1_279' title='bbox 227 2702 276 2739; x_wconf 84' lang='lat' dir='ltr'><strong>ad</strong></span> <span class='ocrx_word' id='word_1_280' title='bbox 293 2703 487 2740; x_wconf 91' lang='lat' dir='ltr'><strong>dominum</strong></span> <span class='ocrx_word' id='word_1_281' title='bbox 506 2705 651 2741; x_wconf 89' lang='lat' dir='ltr'><strong>Northe</strong></span> <span class='ocrx_word' id='word_1_282' title='bbox 666 2718 734 2752; x_wconf 91' lang='lat' dir='ltr'><strong>pro</strong></span> <span class='ocrx_word' id='word_1_283' title='bbox 751 2707 889 2742; x_wconf 88' lang='lat' dir='ltr'><strong>vicaria</strong></span> <span class='ocrx_word' id='word_1_284' title='bbox 905 2707 952 2743; x_wconf 91' lang='lat' dir='ltr'><strong>de</strong></span> <span class='ocrx_word' id='word_1_285' title='bbox 970 2706 1129 2742; x_wconf 82' lang='lat' dir='ltr'><strong>Burwell</strong></span> <span class='ocrx_word' id='word_1_286' title='bbox 1147 2707 1222 2743; x_wconf 86' lang='lat' dir='ltr'><strong>iam</strong></span> <span class='ocrx_word' id='word_1_287' title='bbox 1240 2710 1398 2743; x_wconf 87' lang='lat' dir='ltr'><strong>vacante</strong></span> 
     </span>
    </p>

    <p class='ocr_par' dir='ltr' id='par_1_15' title="bbox 134 2758 1682 2931">
     <span class='ocr_line' id='line_1_35' title="bbox 134 2758 1680 2815; baseline 0.004 -18"><span class='ocrx_word' id='word_1_288' title='bbox 134 2761 235 2798; x_wconf 86' lang='lat' dir='ltr'><strong>Item</strong></span> <span class='ocrx_word' id='word_1_289' title='bbox 258 2762 476 2815; x_wconf 77' lang='lat' dir='ltr'><strong>conceditur</strong></span> <span class='ocrx_word' id='word_1_290' title='bbox 498 2766 542 2799; x_wconf 89' lang='lat' dir='ltr'><strong>vt</strong></span> <span class='ocrx_word' id='word_1_291' title='bbox 565 2775 725 2810; x_wconf 84' lang='lat' dir='ltr'><strong>expense</strong></span> <span class='ocrx_word' id='word_1_292' title='bbox 753 2764 937 2801; x_wconf 86' lang='lat' dir='ltr'><strong>hactenus</strong></span> <span class='ocrx_word' id='word_1_293' title='bbox 961 2765 1059 2801; x_wconf 79' lang='lat' dir='ltr'><strong>facte</strong></span> <span class='ocrx_word' id='word_1_294' title='bbox 1090 2765 1250 2801; x_wconf 89' lang='lat' dir='ltr'><strong>Londini</strong></span> <span class='ocrx_word' id='word_1_295' title='bbox 1274 2777 1341 2812; x_wconf 90' lang='lat' dir='ltr'><strong>per</strong></span> <span class='ocrx_word' id='word_1_296' title='bbox 1364 2765 1560 2802; x_wconf 89' lang='lat' dir='ltr'><strong>dominum</strong></span> <span class='ocrx_word' id='word_1_297' title='bbox 1584 2758 1680 2803; x_wconf 80' lang='lat' dir='ltr'><strong>vice·</strong></span> 
     </span>
     <span class='ocr_line' id='line_1_36' title="bbox 228 2820 1682 2872; baseline 0.005 -17"><span class='ocrx_word' id='word_1_298' title='bbox 228 2820 491 2857; x_wconf 87' lang='lat' dir='ltr'><strong>cancellarium</strong></span> <span class='ocrx_word' id='word_1_299' title='bbox 530 2822 569 2857; x_wconf 93' lang='lat' dir='ltr'><strong>in</strong></span> <span class='ocrx_word' id='word_1_300' title='bbox 606 2823 769 2869; x_wconf 87' lang='lat' dir='ltr'><strong>negociis</strong></span> <span class='ocrx_word' id='word_1_301' title='bbox 801 2823 1018 2860; x_wconf 85' lang='lat' dir='ltr'><strong>achademie</strong></span> <span class='ocrx_word' id='word_1_302' title='bbox 1050 2824 1200 2860; x_wconf 86' lang='lat' dir='ltr'><strong>allocari</strong></span> <span class='ocrx_word' id='word_1_303' title='bbox 1233 2825 1380 2872; x_wconf 83' lang='lat' dir='ltr'><strong>possint</strong></span> <span class='ocrx_word' id='word_1_304' title='bbox 1412 2837 1480 2872; x_wconf 89' lang='lat' dir='ltr'><strong>per</strong></span> <span class='ocrx_word' id='word_1_305' title='bbox 1510 2825 1682 2862; x_wconf 78' lang='lat' dir='ltr'><strong>doctores</strong></span> 
     </span>
     <span class='ocr_line' id='line_1_37' title="bbox 228 2879 1395 2931; baseline 0.005 -17"><span class='ocrx_word' id='word_1_306' title='bbox 228 2879 439 2926; x_wconf 82' lang='lat' dir='ltr'><strong>Segiswyke</strong></span> <span class='ocrx_word' id='word_1_307' title='bbox 462 2883 502 2916; x_wconf 92' lang='lat' dir='ltr'><strong>et</strong></span> <span class='ocrx_word' id='word_1_308' title='bbox 527 2880 666 2917; x_wconf 89' lang='lat' dir='ltr'><strong>Mowse</strong></span> <span class='ocrx_word' id='word_1_309' title='bbox 690 2884 729 2917; x_wconf 91' lang='lat' dir='ltr'><strong>et</strong></span> <span class='ocrx_word' id='word_1_310' title='bbox 754 2882 953 2928; x_wconf 87' lang='lat' dir='ltr'><strong>magistros</strong></span> <span class='ocrx_word' id='word_1_311' title='bbox 978 2882 1103 2930; x_wconf 85' lang='lat' dir='ltr'><strong>Cosyn</strong></span> <span class='ocrx_word' id='word_1_312' title='bbox 1127 2885 1166 2919; x_wconf 91' lang='lat' dir='ltr'><strong>et</strong></span> <span class='ocrx_word' id='word_1_313' title='bbox 1192 2883 1395 2931; x_wconf 84' lang='lat' dir='ltr'><strong>Robynson</strong></span> 
     </span>
    </p>
   </div>
   <div class='ocr_carea' id='block_1_8' title="bbox 1465 2955 1571 2994">
    <p class='ocr_par' dir='ltr' id='par_1_16' title="bbox 1465 2955 1571 2994">
     <span class='ocr_line' id='line_1_38' title="bbox 1465 2955 1571 2994; baseline 0 0"><span class='ocrx_word' id='word_1_314' title='bbox 1465 2955 1571 2994; x_wconf 82' lang='lat'><strong>7—2</strong></span> 
     </span>
    </p>
   </div>
  </div>
 </body>
</html>
