2008 3216
153 163 370 219 1553-54]
736 173 888 205 emon
919 172 1043 205 BOOK
1075 172 1105 204 Δ
1646 164 1702 206 93

153 278 472 315 Determinatores
488 278 631 325 collegii
653 277 802 324 Regalis
824 277 894 314 hoc
911 288 1011 313 anno
1028 276 1168 324 quibus
1189 277 1295 314 nulla
1310 277 1384 314 fuit
1405 278 1528 325 gratia
1544 290 1612 315 nec
1629 277 1705 314 vlla

246 349 420 374 concessa
435 337 668 385 dispensatio
683 336 827 373 domini
847 336 991 372 Masoer
1007 335 1152 383 Sharpe
1169 335 1283 372 Skott
1300 335 1449 373 Cordall
1467 336 1504 372 N
1505 336 1575 373 oke

154 396 253 432 Item
275 396 493 432 conceditur
518 395 702 432 Willelmo
728 394 884 443 Kyrbye
908 398 950 431 vt
973 397 995 430 8
1017 394 1171 431 termini
1197 399 1284 441 post
1309 394 1458 431 finalem
1482 395 1563 431 eius
1584 394 1705 432 deter-

247 455 492 492 minationem
515 455 555 491 in
578 455 716 502 quibus
738 455 916 491 lectiones
941 453 1150 490 ordinarias
1172 453 1321 490 audiuit
1343 454 1431 490 licet
1454 466 1528 490 non
1552 454 1705 490 omnino

247 515 452 552 oecundum
477 515 637 551 formam
659 515 796 551 statuti
822 526 908 551 cum
934 512 1235 562 oppositionibus
1259 516 1298 549 et
1323 513 1626 560 responsionibus
1651 525 1705 549 re-

248 575 400 623 quisitis
426 575 616 612 sufficiant
644 575 678 610 ei
707 574 754 611 ad
782 574 945 611 finaliter
968 573 1296 610 determinandum
1322 585 1409 609 cum
1435 574 1569 610 ceteris
1595 574 1708 610 huius

250 635 340 670 anni
365 633 723 670 determinatoribus
784 633 847 669 Ita
870 632 970 680 quod
993 632 1073 668 eius
1095 630 1257 668 eruditio
1278 632 1384 679 prius
1408 632 1645 669 examinetur
1668 637 1707 668 et

248 693 477 741 approbetur
498 705 564 740 per
585 692 756 729 dominos
779 694 1037 740 procuratores
1061 694 1101 727 et
1124 690 1400 728 examinatores
1424 691 1538 728 huius
1562 692 1652 728 anni

157 753 256 789 Item
281 752 499 789 conceditur
527 751 714 788 Richardo
739 751 950 788 Mulkaster
973 754 1015 787 vt
1043 752 1086 786 12
1115 749 1268 786 termini
1295 750 1335 786 in
1362 750 1501 797 quibus
1529 750 1708 787 lectiones

249 810 456 847 ordinarias
480 809 629 846 audiuit
653 809 742 846 licet
767 821 841 845 non
868 808 1022 844 omnino
1047 807 1253 844 secundum
1276 808 1437 845 formam
1462 810 1598 846 statuti
1620 821 1706 846 cum

250 868 548 916 oppositionibus
564 873 603 905 et
620 868 925 916 responsionibus
947 868 1140 914 requisitis
1162 868 1352 904 sufficiant
1368 869 1401 904 ei
1427 881 1494 916 pro
1511 870 1708 917 completis

251 927 369 975 gradu
385 930 425 964 et
442 928 562 963 forma
577 927 910 964 bacchalaureatus
927 927 966 963 in
989 926 1136 963 artibus
1153 926 1206 962 sic
1230 932 1272 962 vt
1288 927 1369 962 eius
1391 928 1554 964 eruditio
1570 929 1706 965 exami-

251 990 364 1024 netur
379 990 418 1024 et
434 987 663 1035 approbetur
679 999 746 1034 per
766 987 939 1024 dominos
961 989 1220 1034 procuratores
1239 990 1280 1022 et
1301 988 1576 1024 examinatores
1595 988 1708 1025 huius

251 1047 341 1083 anni
389 1045 442 1083 Et
458 1049 535 1083 stet
552 1059 637 1083 cum
655 1048 789 1084 ceteris
805 1046 1066 1094 questionistis
1083 1046 1122 1082 in
1140 1045 1427 1094 quadragesima
1444 1048 1614 1095 proxima

207 1271 432 1314 Numerus
462 1271 870 1315 bacchalaureorum
903 1272 1031 1316 istius
1062 1273 1166 1316 anni
1197 1273 1322 1316 iuxta
1351 1274 1648 1318 senioritatem

279 1414 459 1462 ¹Wryght
839 1414 988 1461 Agarde
1238 1414 1473 1451 Richardson
1491 1416 1529 1460 (J
1533 1417 1634 1461 esus)

301 1473 444 1509 Master
839 1473 999 1521 Ryselye
1237 1474 1477 1522 Cartwryght

300 1533 439 1570 Betson
838 1533 983 1581 Brysko
1242 1533 1350 1570 Noke

301 1592 438 1629 Rames
838 1591 1061 1639 Whytgyfte
1238 1592 1442 1628 Mulcaster

302 1650 458 1698 Kyrbye
843 1651 960 1698 Berye
1240 1650 1437 1687 Acworthe

301 1709 395 1746 Idell
839 1709 967 1746 Crofte
1238 1710 1374 1746 Tatam

301 1768 434 1804 Oarter
840 1769 947 1804 Scott
1239 1768 1362 1804 Huett

303 1828 466 1876 Puryfye
840 1828 1097 1865 Wentworthe
1240 1828 1366 1864 Fuller

301 1887 504 1924 Nicholson
839 1889 996 1925 Warren
1238 1888 1390 1924 Walker

302 1947 410 1995 Haye
840 1947 932 1994 Hyll
1240 1947 1375 1994 Kynge

301 2007 409 2042 Swan
838 2006 958 2053 Alvey
1237 2005 1362 2041 Baker

302 2066 436 2102 Bolton
841 2065 1092 2102 Knasborowe
1237 2065 1439 2112 Robynson

303 2125 532 2162 Richardson
551 2126 726 2172 (Christi)
838 2125 997 2173 Smythe
1014 2125 1131 2172 (Joh.)
1238 2125 1398 2172 Smythe
1415 2125 1567 2172 (Gonv.)

305 2184 449 2232 Sharpe
843 2184 992 2221 Cordall
1240 2184 1389 2220 Wattes

305 2243 502 2291 Fyrbanke
841 2243 999 2280 Grafton
1239 2242 1473 2290 Wylkynson

306 2302 542 2350 Pyckerynge
842 2302 969 2349 Conye
1238 2301 1261 2337 J
1264 2313 1401 2350 esoppe

1294 2363 1340 2396 48

230 2490 239 2511 ¹
266 2490 377 2524 These
393 2501 513 2524 names
535 2502 593 2524 are
609 2492 744 2525 written
766 2492 803 2526 in
825 2503 891 2526 one
911 2494 1052 2527 column
1074 2494 1180 2536 along
1202 2494 1262 2528 the
1283 2495 1417 2528 bottom
1441 2497 1480 2529 of
1500 2497 1523 2531 f.
1544 2497 1586 2530 36
1602 2497 1623 2529 b
1642 2498 1712 2532 and

164 2548 206 2581 37
223 2556 255 2579 a.
