2002 3236
189 171 409 228 1544-45]
763 181 915 213 emcn-
945 181 1070 214 Boon
1101 181 1130 213 Δ
1678 171 1732 213 29

278 283 342 319 alii
355 283 435 320 dies
451 283 498 320 ad
515 283 713 320 arbitrium
732 287 1014 331 procuratorum
1028 283 1276 331 disputabiles
1292 284 1387 320 fiant
1402 287 1441 319 et
1459 282 1735 319 baochalaureis

279 346 474 389 tamquam
501 343 758 390 responsiones
775 343 960 379 ordinarie
975 354 1044 389 pro
1060 343 1182 378 forma
1198 342 1348 378 valeant

187 400 283 437 Item
307 401 523 438 conceditur
542 404 585 436 vt
607 401 783 438 dominus
805 401 1130 438 vicecancellarius
1148 401 1319 438 doctores
1340 401 1487 448 Wendy
1506 401 1676 437 Hatcher
1695 405 1734 435 et

283 460 460 506 magister
476 459 709 506 Swynburne
730 460 895 496 habeant
915 460 1184 496 authoritatem
1206 459 1425 506 obsignandi
1444 461 1567 494 vestro
1583 458 1734 494 nomine

280 518 512 565 syngraphas
533 519 652 554 factas
668 518 715 555 de
731 519 977 555 mundatione
1002 518 1211 565 platearum
1233 519 1332 554 inter
1347 517 1553 565 oppidanos
1569 522 1608 553 et
1624 516 1734 552 acha-

281 576 444 613 demiam
468 580 536 613 aut
561 577 654 613 alias
680 590 775 624 quas
804 578 878 614 illis
902 577 1092 613 videbitur
1115 589 1136 613 e
1160 589 1200 613 re
1226 580 1351 612 vestra
1379 588 1460 612 esse
1484 575 1734 622 obsignandas

281 646 393 682 super
420 635 548 672 eadem
579 648 618 672 re
652 640 693 672 vt
719 636 898 684 quicquid
925 637 979 672 illi
1006 640 1121 683 agant
1150 636 1189 671 in
1217 636 1291 671 ista
1319 647 1359 671 re
1387 647 1455 682 pro
1482 639 1606 671 vestro
1634 635 1734 670 facto

280 693 464 730 habeatur
487 694 588 742 quod
611 695 643 730 si
665 696 860 742 contingat
885 695 1048 742 aliquem
1072 706 1201 730 eorum
1223 694 1351 730 abesse
1375 697 1417 730 vt
1442 694 1538 730 alter
1558 704 1731 740 procura-

280 756 406 789 torum
430 765 542 800 quem
567 754 699 800 reliqui
726 755 844 790 velint
869 766 1059 790 assumere
1084 754 1208 790 locum
1234 758 1274 790 et
1303 754 1404 790 uices
1430 753 1643 789 absentium
1670 751 1733 788 ob-

279 810 401 847 tineat

187 868 284 905 Item
302 869 519 906 conceditur
534 874 577 907 vt
601 871 734 907 Petrus
756 871 870 907 Shers
885 872 1094 918 alienigena
1109 883 1152 907 ac
1169 871 1417 907 stacionarius
1438 870 1598 918 gaudere
1615 869 1735 917 possit

280 927 454 964 omuibus
481 932 522 964 et
546 929 703 976 singulis
731 929 970 966 libertatibus
997 934 1036 965 et
1061 929 1265 976 privilegiis
1293 929 1331 965 in
1361 929 1524 976 quodam
1554 929 1734 977 rescripto

280 986 380 1033 regio
395 987 619 1034 specificatis
635 991 674 1024 et
690 1000 811 1036 nuper
826 988 914 1024 hinc
931 988 1169 1025 vniuersitati
1186 987 1258 1024 sub
1275 1000 1409 1034 magno
1425 1000 1494 1024 suo
1510 988 1631 1034 sigillo
1647 1000 1732 1024 con-

280 1046 394 1082 cessis
413 1058 481 1093 pro
502 1047 664 1083 termino
683 1048 761 1084 vite
782 1059 849 1083 sue
873 1047 928 1083 ita
957 1046 1057 1095 quod
1087 1046 1310 1094 perimpleat
1336 1058 1466 1082 omnes
1498 1050 1538 1082 et
1566 1046 1734 1092 singulas

281 1104 515 1141 condiciones
536 1105 576 1141 in
598 1105 728 1142 eodem
751 1106 930 1152 rescripto
946 1105 1178 1152 specificatae
1198 1104 1245 1141 ad
1268 1105 1391 1152 ipsum
1409 1116 1600 1152 quoquam
1623 1104 1735 1141 modo

281 1163 512 1210 pertinentes
533 1167 573 1201 et
594 1164 694 1212 quod
716 1165 836 1212 possit
858 1163 994 1200 habere
1016 1164 1113 1200 hanc
1130 1166 1295 1200 vestram
1317 1165 1591 1200 concessionem
1614 1164 1734 1200 literis

280 1223 581 1259 commendatam
605 1227 645 1259 et
668 1223 858 1259 communi
883 1223 1005 1269 sigillo
1029 1223 1288 1259 vniuersitatis
1311 1223 1513 1269 sigillatam

186 1279 286 1317 Item
314 1281 531 1318 conceditur
554 1281 697 1318 doctori
724 1281 882 1317 Warner
909 1284 952 1317 vt
979 1281 1100 1328 possit
1127 1280 1257 1317 abesse
1285 1280 1334 1316 ab
1362 1281 1538 1317 omnibus
1565 1282 1734 1328 exequiis

281 1340 407 1376 missis
428 1343 467 1376 et
491 1339 842 1387 congregacionibus
865 1352 910 1376 ex
934 1343 1081 1376 statuto
1102 1343 1142 1376 et
1165 1339 1215 1375 ab
1236 1339 1412 1376 omnibus
1436 1340 1734 1388 processionibus

280 1398 514 1446 generalibus
538 1399 598 1436 his
621 1411 695 1447 que
719 1411 764 1436 ex
787 1402 935 1436 statuto
958 1403 1050 1436 sunt
1074 1399 1338 1436 tantummodo
1361 1400 1527 1447 exceptis
