2008 3294
137 946 164 985 f.
190 946 310 985 1131>

330 185 414 226 274
911 197 1062 227 GRAcE
1095 196 1218 227 BOOK
1249 197 1280 227 Δ
1656 185 1878 241 [1573-74

813 453 932 496 Ordo
962 453 1227 496 senioritatis
1257 469 1396 510 marg.

610 574 743 609 Shawe
1109 573 1133 608 J
1135 585 1204 620 aye
1492 573 1598 620 Keye

610 632 897 680 Wayshyngton
1112 632 1243 668 Nicols
1494 632 1633 668 Willan

611 692 753 728 Faucet
1115 691 1279 728 Hounde
1496 691 1655 739 Smythe

691 944 844 987 Gratie
875 959 960 987 non
993 950 1304 987 concernentes
1335 944 1517 986 formam

326 1064 554 1101 Conceditur
587 1067 632 1101 16
661 1064 834 1101 Octobris
863 1068 905 1101 vt
936 1064 1113 1101 dominus
1142 1064 1468 1101 vicecancellarius
1497 1064 1668 1101 doctores
1702 1064 1880 1100 Hawford

421 1123 631 1171 Whitgyfoe
653 1127 692 1160 et
715 1124 847 1171 Harvy
864 1125 1043 1170 magister
1066 1123 1194 1160 Goade
1215 1126 1255 1159 et
1278 1123 1420 1160 domini
1442 1128 1700 1171 procuratores
1719 1123 1883 1160 habeant

423 1187 584 1219 vestram
608 1184 872 1219 auctoritatem
895 1183 943 1219 ad
966 1184 1113 1220 firmam
1137 1183 1405 1219 dimittendam
1428 1195 1496 1230 pro
1512 1184 1675 1220 termino
1691 1184 1750 1219 xxi
1769 1195 1882 1219 anno-

422 1255 507 1279 rum
528 1243 693 1279 Johanni
718 1243 935 1291 Redmayne
957 1244 1021 1279 vni
1044 1243 1273 1279 bedellorum
1294 1247 1439 1280 vestras
1461 1248 1581 1280 terras
1600 1244 1761 1280 arabiles
1782 1256 1882 1280 nunc

423 1304 461 1339 in
491 1308 626 1339 tenura
653 1305 692 1338 et
723 1304 970 1350 occupacione
995 1304 1088 1340 dicti
1117 1304 1303 1339 Johannis
1336 1316 1480 1340 necnon
1513 1304 1728 1351 assignandi
1757 1303 1882 1340 condi-

422 1364 547 1399 ciones
571 1365 610 1398 et
638 1362 828 1398 redditum
852 1363 1040 1399 dictarum
1064 1366 1251 1399 terrarum
1275 1363 1330 1399 sic
1355 1367 1397 1399 vt
1421 1364 1590 1410 quinque
1616 1363 1883 1411 premissorum

422 1421 678 1468 delegatorum
703 1422 941 1457 consentiant
969 1425 1008 1457 et
1035 1421 1234 1458 indenture
1261 1422 1349 1458 inde
1374 1422 1473 1458 facte
1498 1422 1602 1470 prius
1626 1434 1750 1458 coram
1777 1421 1884 1458 vobis

423 1482 595 1528 legantur
618 1485 658 1516 et
682 1481 776 1516 lecte
800 1481 1012 1527 sigillentur
1035 1482 1157 1528 sigillo
1182 1486 1308 1518 vestro
1332 1482 1521 1518 communi

329 1541 555 1578 Conceditur
580 1544 622 1576 15
640 1541 811 1577 Januarii
834 1541 1012 1588 magistro
1030 1541 1222 1578 Baldwino
1240 1542 1369 1578 Esdall
1387 1546 1428 1577 vt
1444 1542 1496 1577 sit
1512 1553 1609 1577 vnus
1624 1553 1669 1576 ex
1687 1540 1883 1576 duodecim

422 1600 718 1648 predicatoribus
741 1601 810 1636 hoc
832 1613 931 1637 anno
956 1614 1021 1648 per
1042 1602 1274 1638 academiam
1299 1601 1518 1638 emittendis
1541 1602 1594 1637 sic
1617 1604 1657 1637 vt
1679 1613 1791 1648 super
1812 1600 1882 1636 hac

423 1666 549 1697 vestra
565 1661 801 1696 concessione
818 1661 945 1696 literas
963 1661 1101 1697 habeat
1117 1662 1300 1708 sigillatas
1318 1662 1439 1708 sigillo
1457 1665 1580 1697 vestro
1597 1661 1785 1697 communi

329 1720 469 1755 Eadem
492 1720 613 1766 gratia
633 1719 851 1756 conceditur
875 1723 918 1756 12
940 1721 1107 1757 Johanni
1132 1721 1274 1757 Freake
1326 1725 1364 1757 ll
1393 1721 1565 1756 Januarii
1588 1720 1730 1756 Jacobo
1747 1719 1884 1767 'raylor

424 1782 445 1814 2
470 1779 493 1814 J
498 1779 563 1814 ulii
591 1778 772 1814 Nicholuo
798 1779 927 1815 Horne
954 1780 1117 1816 Roberto
1143 1781 1291 1828 Cooney
1349 1784 1371 1817 3
1396 1781 1489 1816 Julii
1518 1779 1680 1815 Roberto
1705 1780 1821 1827 Sayer
1843 1784 1883 1815 et

422 1837 587 1873 Johanni
611 1837 756 1873 Archer
778 1838 815 1873 in
839 1838 985 1874 artibus
1007 1839 1198 1885 magistris
1248 1843 1292 1875 25
1315 1840 1421 1875 ,Juuii
1448 1839 1605 1885 Digoreo
1629 1838 1756 1874 Nicols
1781 1850 1882 1875 sucre

423 1897 607 1943 theologie
624 1896 891 1932 bacchalaureo
941 1898 1038 1933 Item
1060 1901 1102 1933 12
1122 1898 1207 1934 Feb.
1228 1898 1379 1934 licentia
1392 1897 1426 1934 d.
1448 1898 1555 1945 Meye
1572 1901 1774 1933 renovatur

328 1955 557 1994 Conceditur
579 1958 622 1992 16
647 1955 863 1992 Decembris
885 1968 970 1992 cum
997 1968 1064 2004 per
1085 1960 1232 1993 statuta
1255 1957 1436 1993 cistarum
1463 1968 1572 1992 nemo
1596 1957 1714 2003 possit
1736 1956 1883 1993 duobus

422 2015 533 2051 amus
556 2014 786 2051 immediatis
803 2027 915 2051 vnam
933 2016 1068 2052 cistam
1086 2015 1275 2052 custodire
1293 2019 1335 2052 vt
1358 2016 1527 2062 magistri
1548 2016 1657 2053 Ware
1674 2020 1712 2051 et
1732 2016 1882 2053 Sendall

423 2073 624 2121 suppleant
642 2073 740 2109 vices
757 2074 1023 2120 magistrorum
1041 2074 1064 2110 J
1066 2086 1170 2111 ames
1188 2074 1288 2110 Petri
1307 2078 1347 2110 et
1364 2074 1616 2122 Goldingham

329 2132 557 2170 Conceditur
596 2131 724 2168 eodem
768 2137 809 2167 vt
850 2133 1028 2179 magister
1068 2133 1278 2169 Whitacres
1319 2133 1485 2180 prclegat
1528 2133 1723 2170 lectionem
1767 2134 1883 2180 philo-

423 2190 617 2238 sophicam
648 2190 686 2227 in
720 2190 906 2237 reliquum
936 2191 1025 2227 anni
1061 2191 1140 2228 vice
1172 2191 1341 2239 magistri
1377 2192 1521 2227 Bennet

329 2250 557 2287 Conceditur
591 2252 634 2285 16
662 2249 832 2286 Januarii
864 2253 906 2286 vt
934 2250 1114 2297 magister
1143 2251 1330 2288 Kirkham
1360 2250 1526 2298 prclegat
1553 2251 1734 2287 lecturam
1764 2251 1881 2299 philo-

424 2309 616 2357 sophicam
648 2310 726 2346 vice
756 2309 927 2357 magistri
959 2309 1169 2347 Whitacres
1197 2310 1283 2347 aliis
1311 2310 1474 2357 negociis
1502 2310 1674 2358 impediti
1741 2310 1882 2347 Eadem

423 2368 545 2415 gratia
577 2368 794 2405 conceditur
832 2371 877 2405 23
910 2369 1054 2417 Aprilis
1094 2370 1273 2416 magistro
1307 2369 1398 2407 Gab.
1436 2369 1565 2417 Harvy
1599 2369 1678 2405 vice
1715 2369 1883 2416 magistri

423 2427 597 2465 Churche
622 2440 688 2476 pro
713 2428 856 2465 lectura
880 2428 1065 2465 rhetorica

329 2486 557 2525 Conceditur
572 2490 615 2523 16
633 2487 802 2523 Januarii
822 2491 863 2524 vt
879 2487 1055 2524 (lominus
1072 2488 1395 2524 vicecancellarius
1411 2490 1451 2523 et
1466 2487 1607 2523 domini
1628 2491 1884 2535 procuratores

425 2546 572 2594 possint
590 2550 714 2583 vestra
736 2547 964 2583 auctoritate
981 2551 1107 2595 petere
1123 2547 1295 2594 colligere
1311 2551 1350 2583 et
1371 2547 1492 2584 levare
1509 2558 1640 2583 omnes
1656 2549 1695 2583 et
1717 2547 1884 2594 singulas

426 2606 668 2654 pecuniarum
691 2617 860 2642 summus
881 2605 1029 2643 debitas
1051 2606 1242 2643 academie
1264 2610 1304 2643 et
1323 2607 1398 2643 aliu
1420 2618 1642 2654 quecunque
1664 2605 1793 2642 debita
1815 2610 1882 2643 aut

425 2666 456 2702 ni
488 2665 562 2702 illis
589 2664 827 2702 commodum
858 2665 949 2702 vtile
977 2669 1016 2701 et
1050 2677 1117 2713 pro
1150 2665 1288 2702 honore
1317 2665 1508 2702 academie
1538 2665 1727 2702 videbitur
1755 2665 1881 2712 aliquo

425 2724 499 2760 alio
516 2722 626 2760 modo
641 2734 727 2760 cum
745 2723 979 2761 debitoribus
995 2735 1216 2772 componere
1233 2727 1273 2760 et
1292 2735 1406 2771 super
1428 2723 1587 2771 receptis
1608 2727 1676 2760 aut
1699 2723 1880 2771 compesi-

423 2783 529 2819 cione
557 2782 835 2830 acquietanzian
865 2786 989 2820 vestro
1019 2784 1170 2820 nomine
1198 2782 1287 2820 dare
1313 2786 1352 2819 et
1381 2782 1428 2819 ad
1463 2782 1646 2830 premissa
1674 2782 1883 2830 peragenda

425 2842 553 2878 litorum
582 2841 747 2878 habeant
776 2842 1049 2890 procuratorias
1077 2842 1262 2889 sigillatas
1291 2842 1413 2889 sigillo
1439 2845 1564 2878 vestro
1591 2842 1781 2878 communi
1809 2854 1883 2879 vna

424 2912 510 2939 cum
535 2900 709 2948 expensis
733 2900 938 2938 allocandis
964 2913 1029 2949 per
1053 2901 1245 2939 auditores
1268 2901 1363 2939 cisto
1387 2901 1599 2938 eommunis
