2008 3216
341 180 424 220 188
920 194 1073 225 GRACE
1104 195 1227 225 BOOK
1258 195 1290 226 Δ
1668 187 1887 242 [1564-65

182 447 209 484 f·
230 447 281 485 82
300 460 325 485 8
797 457 1107 500 Bacchalaurei
1139 458 1183 500 in
1217 459 1438 515 theologia

338 579 567 617 Conceditur
586 584 633 617 30
654 582 783 617 Martii
805 582 984 628 magistro
1007 582 1137 628 Georg.
1163 582 1349 618 Gardiner
1370 586 1413 618 vt
1435 583 1605 619 studium
1626 584 1676 631 vij
1703 596 1888 621 annorum

432 640 471 674 in
489 639 676 686 theologia
692 643 894 687 postquam
914 641 1053 676 rexerit
1074 641 1114 676 in
1136 641 1284 677 artibus
1306 653 1392 678 cum
1415 643 1716 690 oppositionibus
1737 655 1887 691 respon-

430 698 601 734 sionibus
632 698 868 735 sermonibus
901 702 939 734 et
972 699 1058 734 aliis
1086 700 1273 735 exercitiis
1299 712 1367 747 per
1395 704 1541 737 statuta
1567 702 1668 748 regia
1695 701 1888 748 requisitis

429 757 666 803 perficiendis
683 758 782 793 infra
797 770 941 795 annum
958 762 1045 805 post
1061 759 1143 794 eius
1160 758 1428 795 admissionem
1446 760 1518 795 sub
1534 772 1632 806 pena
1647 759 1737 807 viijli
1749 773 1887 808 ponen-

429 815 563 852 darum
591 818 630 852 in
658 816 834 853 manibus
855 821 1143 864 procuratorum
1165 820 1255 854 ante
1276 818 1358 854 eius
1377 818 1646 855 admissionem
1668 820 1831 856 sufficiat
1852 820 1887 856 ei

429 880 509 911 tam
527 875 576 911 ad
592 876 859 923 opponendum
878 888 995 923 quam
1011 876 1059 912 ad
1076 877 1296 913 intrandum
1314 877 1354 913 in
1370 889 1476 914 sacra
1498 878 1686 925 theologia
1734 878 1885 915 Admis-

428 945 494 970 sus
511 934 644 970 vltimo
660 935 684 971 J
687 935 767 971 unii
1544 958 1546 960 -

334 992 563 1029 Conceditur
585 997 629 1030 13
646 995 789 1041 Aprilis
813 995 993 1042 magistro
1016 995 1124 1031 Edm.
1147 995 1358 1032 Sherbroke
1380 1000 1423 1032 vt
1445 996 1615 1033 studium
1639 997 1674 1044 vj
1699 1009 1884 1034 annorum

428 1054 469 1089 in
502 1053 690 1101 theologia
722 1058 924 1102 postquam
958 1055 1096 1091 rexerit
1128 1055 1168 1090 in
1195 1055 1342 1091 artibus
1370 1067 1456 1092 cum
1490 1057 1793 1103 oppositionibus
1824 1059 1884 1093 etc

428 1113 667 1159 perficiendis
692 1117 781 1149 ante
806 1115 947 1150 festum
975 1115 1214 1150 Pentecostes
1239 1115 1451 1161 proximum
1477 1115 1549 1151 sub
1573 1127 1671 1163 pena
1689 1122 1724 1152 c·
1745 1128 1884 1163 ponen-

426 1171 562 1208 dorum
588 1175 649 1208 etc
675 1173 837 1209 sufficiat
859 1174 893 1209 ei
917 1176 997 1208 tam
1019 1173 1067 1208 ad
1091 1173 1355 1220 opponendum
1381 1185 1498 1221 quam
1523 1174 1572 1210 ad
1598 1174 1819 1212 intrandum
1844 1175 1884 1211 in

426 1243 533 1267 sacra
548 1232 737 1279 theologia

332 1290 473 1326 Eadem
490 1291 612 1337 gratia
627 1291 846 1327 conceditur
861 1290 991 1327 eodem
1008 1291 1188 1338 magistro
1205 1291 1229 1327 J
1233 1292 1290 1327 ho.
1310 1291 1478 1339 Twydall
1498 1292 1513 1340 [
1518 1320 1606 1330 ......
1609 1292 1624 1341 ]
1647 1291 1884 1340 perficiendis

427 1353 517 1386 ante
533 1351 686 1386 comitia
701 1351 872 1398 proxima
888 1351 960 1386 sub
976 1363 1073 1398 pena
1090 1350 1149 1398 vj¹¹
1165 1354 1226 1387 etc

336 1409 434 1445 Item
457 1411 637 1456 magistro
661 1410 721 1445 W⁰
745 1411 852 1446 Hues
875 1423 961 1446 cum
984 1410 1111 1446 studio
1134 1411 1302 1458 quinque
1325 1423 1510 1448 annorum
1533 1412 1771 1459 perficiendis
1793 1414 1884 1448 ante

429 1470 582 1505 comitia
598 1470 768 1516 proxima
783 1469 855 1506 sub
871 1482 969 1516 pena
985 1476 1018 1505 c·
1035 1474 1094 1505 etc
1143 1470 1312 1506 Admissi
1329 1470 1460 1506 eodem

335 1529 476 1565 Eadem
491 1530 613 1576 gratia
629 1529 847 1566 conceditur
867 1533 909 1565 15
926 1529 950 1564 J
954 1530 1032 1565 unii
1051 1530 1230 1575 magistro
1249 1529 1379 1566 Franc.
1396 1530 1638 1578 Dorryngton
1655 1542 1742 1567 cum
1755 1530 1883 1567 studio

427 1589 462 1636 vj
490 1601 675 1625 annorum
701 1589 936 1636 perficiendis
960 1589 1059 1625 infra
1087 1601 1230 1625 annum
1255 1601 1323 1625 sue
1347 1589 1587 1626 admissionis
1615 1590 1686 1627 sub
1713 1602 1810 1638 pena
1838 1590 1883 1626 1¹¹

429 1649 529 1685 Item
546 1648 676 1684 eodem
693 1649 875 1695 magistro
892 1649 1056 1684 Henrico
1071 1649 1256 1685 Dethicke
1273 1661 1359 1685 cum
1377 1649 1504 1686 studio
1518 1662 1540 1685 v
1552 1661 1738 1686 annorum
1755 1653 1795 1686 et
1811 1648 1882 1686 sub

426 1707 555 1744 eadem
574 1719 724 1744 summa
740 1708 839 1744 infra
855 1720 998 1744 annum
1016 1720 1082 1744 sue
1099 1707 1339 1744 admissionis
1387 1707 1590 1744 Admissus
1606 1708 1740 1744 vltimo
1756 1708 1780 1744 J
1783 1708 1863 1745 unii

332 1767 562 1803 Conceditur
587 1771 630 1803 15
650 1767 674 1803 J
677 1767 756 1803 unii
777 1768 958 1814 magistro
980 1767 1140 1804 Ricardo
1163 1767 1359 1804 Coortesse
1379 1771 1421 1803 vt
1444 1767 1614 1804 studium
1635 1769 1674 1804 ix
1696 1780 1880 1805 annorum

425 1827 464 1862 in
490 1826 678 1873 theologia
707 1830 908 1873 postquam
938 1827 1076 1862 rexerit
1108 1826 1148 1862 in
1182 1825 1329 1861 artibus
1363 1837 1437 1861 vna
1465 1837 1551 1862 cum
1581 1826 1880 1873 oppositionibus

425 1885 730 1933 responsionibus
752 1885 987 1921 sermonibus
1002 1889 1042 1921 et
1058 1886 1142 1921 aliis
1164 1885 1351 1922 exercitiis
1374 1897 1440 1932 per
1462 1889 1610 1922 statuta
1634 1886 1734 1932 regia
1756 1886 1879 1933 requi-

425 1946 510 1981 sitis
535 1945 696 1980 sufficiat
721 1945 754 1979 ei
781 1948 860 1980 tam
887 1944 934 1980 ad
960 1943 1179 1980 intrandum
1205 1956 1320 1990 quam
1346 1944 1394 1979 ad
1419 1943 1683 1990 opponendum
1710 1944 1749 1980 in
1773 1956 1880 1981 sacra

425 2005 610 2051 theologia
632 2005 687 2040 ita
710 2007 752 2040 vt
773 2004 854 2040 eius
877 2004 1057 2040 admissio
1079 2007 1156 2039 stet
1181 2004 1214 2039 ei
1241 2015 1308 2050 pro
1332 2003 1530 2050 completis
1554 2003 1672 2050 gradu
1696 2007 1736 2040 et
1760 2004 1879 2040 forma

425 2063 536 2100 modo
553 2064 744 2110 respoutio
760 2062 841 2099 eius
860 2064 926 2098 fiat
943 2062 981 2098 in
999 2062 1060 2098 die
1078 2062 1317 2098 comitiorum
1339 2065 1378 2098 et
1403 2062 1645 2098 concionetur
1666 2062 1715 2099 ad
1738 2062 1877 2099 clerum

424 2124 520 2159 citra
537 2123 676 2159 festum
698 2121 838 2158 Pascbe
857 2122 1067 2169 proximum
1086 2121 1158 2157 sub
1175 2132 1272 2168 pena
1288 2120 1347 2168 vj¹¹
1365 2121 1623 2168 ponendarum
1640 2121 1679 2157 in
1703 2121 1879 2158 manibus

425 2186 708 2230 procuratorum
724 2185 814 2217 ante
830 2181 911 2217 eius
927 2180 1195 2217 admissionem
1248 2180 1447 2217 Admissus
1463 2180 1592 2217 eodem

164 2432 191 2473 f.
214 2435 265 2473 82
286 2434 313 2473 b
861 2424 1026 2467 Doctor
1056 2423 1101 2465 in
1132 2421 1356 2480 theologia

329 2554 556 2591 Conceditur
573 2556 635 2589 25⁰
654 2551 743 2588 Maii
763 2551 942 2597 magistro
960 2549 1131 2586 Mattheo
1152 2548 1300 2584 Hutton
1319 2549 1361 2583 vt
1377 2546 1547 2583 studium
1561 2547 1677 2583 trium
1690 2558 1875 2584 annorum

424 2614 461 2649 in
496 2611 682 2658 theologia
714 2612 800 2657 post
832 2608 989 2655 gradum
1024 2606 1259 2643 bachslaurei
1296 2606 1333 2642 in
1367 2604 1497 2641 eadem
1532 2606 1749 2652 susceptum
1789 2616 1874 2641 oum

423 2668 723 2719 oppositionibus
748 2665 1052 2715 responsionibus
1077 2663 1313 2701 sermonibus
1335 2669 1374 2699 et
1396 2663 1480 2699 aliis
1503 2663 1690 2699 exercitiis
1710 2674 1776 2710 per
1799 2666 1874 2700 ste-

423 2734 509 2767 tuta
535 2728 634 2775 rogia
659 2726 852 2774 requisitis
882 2723 1117 2772 perficiendis
1147 2723 1244 2759 infra
1271 2733 1414 2758 annum
1442 2733 1508 2758 sue
1537 2721 1778 2758 admissionis
1803 2722 1875 2759 sub

423 2800 519 2837 lmus
545 2786 586 2823 κ’·
612 2784 870 2834 ponendarum
897 2783 934 2819 in
959 2781 1134 2819 manibus
1158 2783 1441 2829 procuratorum
1465 2785 1553 2816 ante
1576 2780 1657 2817 eius
1679 2780 1873 2818 admissio-

421 2859 506 2884 nem
525 2846 687 2883 sufficiat
703 2844 736 2881 ei
754 2842 800 2880 ad
820 2841 1075 2889 incipiendum
1094 2841 1131 2877 in
1150 2851 1255 2876 saera
1272 2839 1458 2886 theologis
1524 2838 1724 2876 Admissus
1740 2839 1873 2878 vltimo

421 2906 442 2943 J
449 2906 527 2943 unii
546 2905 704 2953 (peregit
721 2902 847 2939 omnia
864 2901 998 2950 mar-9.)
