2008 3294
351 193 437 236 380
932 200 1084 234 GRAcE
1114 201 1238 233 BOOK
1270 201 1301 232 Δ
1678 190 1901 247 [1583-84

445 307 572 354 potuit
600 306 744 342 dictum
770 305 908 342 librum
933 304 1141 341 describere
1165 305 1288 352 placet
1313 304 1420 342 vobis
1444 308 1487 342 vt
1511 305 1610 342 idem
1635 306 1797 343 retineat
1819 317 1901 354 pre-

446 367 567 402 fatum
591 366 730 401 librum
754 365 826 401 sub
850 363 1131 401 condicionibus
1152 364 1369 411 prescriptis
1390 368 1429 401 et
1451 364 1680 412 obligacione
1700 367 1813 402 antea
1834 376 1902 412 per

444 425 634 461 doctorem
656 424 736 460 Bell
760 424 908 471 signata
929 424 1093 470 sigillata
1115 426 1154 460 et
1175 423 1381 460 deliberata
1403 435 1521 471 vsque
1543 424 1590 460 ad
1614 424 1755 461 festum
1777 423 1900 460 sancti

447 483 642 520 Michaelis
657 483 868 530 archangeli
886 483 1097 530 proximum
1115 483 1287 519 futurum

164 545 193 585 f,
218 546 293 583 144
308 546 334 582 b
352 542 578 578 Conceditur
597 544 641 578 10
657 541 832 578 Octobris
849 542 994 578 Simoni
1013 540 1164 577 Robson
1181 553 1284 577 sacre
1307 541 1491 588 theologie
1507 541 1775 578 bacchalaureo
1792 545 1836 578 vt
1851 541 1903 577 sit

445 613 542 637 vnus
558 613 602 637 ex
622 605 665 637 12
682 601 978 648 predicatoribus
996 602 1066 637 hoc
1082 601 1247 648 presenti
1265 613 1364 637 anno
1385 613 1453 648 per
1473 601 1702 638 academiam
1726 601 1903 637 emitten-

443 660 503 696 dis
519 661 573 696 sic
590 663 632 696 vt
648 672 761 707 super
776 661 846 696 hac
863 664 988 696 vestra
1010 661 1246 696 concessione
1268 660 1396 696 literas
1415 660 1553 696 habeat
1575 660 1758 707 sigillatas
1782 660 1903 707 sigillo

444 722 567 755 vestro
589 719 779 755 communi
837 723 876 756 3⁰
899 719 1090 756 Februarii
1115 719 1219 755 Alex.
1245 719 1408 766 Spencer
1429 719 1614 767 theologie
1637 719 1903 756 bacchalaureo

446 782 491 815 10
506 779 530 814 J
533 780 611 815 unii
632 779 747 815 Henr.
766 779 875 815 Vaux
892 779 932 815 in
950 779 1096 815 artibus
1118 779 1299 826 magistro
1369 782 1432 815 20⁰
1453 779 1477 815 J
1481 779 1559 816 unii
1584 779 1744 816 Ricardo
1765 779 1903 815 Warde

444 838 627 884 theologie
651 837 917 874 bacchalaureo
987 840 1010 873 8
1034 837 1058 873 J
1060 838 1127 874 ulii
1154 837 1313 874 Ricardo
1338 838 1467 874 James
1489 849 1591 874 sacre
1613 837 1798 884 theologie
1819 849 1902 885 pro-

445 898 573 933 sessori

349 956 576 992 Conceditur
606 958 649 992 16
677 955 892 992 Decembris
921 959 964 992 vt
991 955 1179 1002 generales
1209 955 1378 1002 sophiste
1406 956 1476 992 hoc
1504 968 1603 992 anno
1631 956 1830 1004 cooptandi
1862 956 1902 992 in

443 1015 611 1051 ordinem
628 1014 981 1051 bacchalaureorum
998 1015 1145 1061 possint
1161 1020 1287 1051 vestra
1309 1015 1536 1051 auctoritate
1558 1018 1666 1052 actus
1688 1027 1776 1052 suos
1797 1015 1903 1051 scho-

444 1074 596 1110 lasticos
613 1085 786 1121 peragere
802 1077 842 1109 et
858 1072 1097 1120 sophismata
1108 1085 1177 1109 sua
1193 1074 1376 1120 requisita
1392 1074 1550 1121 singulis
1572 1074 1706 1111 diebus
1727 1075 1902 1122 profestis

443 1133 491 1169 ad
508 1133 802 1180 assignacionem
814 1135 854 1169 et
866 1132 1160 1180 supervisionem
1173 1132 1412 1169 dominorum
1426 1136 1710 1180 procuratorum
1723 1133 1902 1170 conficere

443 1204 466 1228 a
487 1191 652 1239 presenti
674 1191 735 1228 die
758 1203 875 1239 vsque
896 1191 944 1227 ad
967 1191 1196 1238 principium
1218 1191 1378 1238 proximi
1402 1192 1554 1229 termini
1579 1191 1633 1228 sic
1658 1195 1701 1228 vt
1725 1192 1904 1228 intersint

443 1263 539 1287 vnus
556 1250 835 1287 moderatorum
851 1253 891 1286 et
911 1253 954 1286 12
970 1250 1018 1286 ad
1035 1250 1236 1287 minimum
1254 1251 1423 1298 sophiste
1439 1251 1607 1298 alioquin
1625 1263 1669 1288 ea
1691 1251 1902 1299 disputacio

443 1321 511 1356 pro
528 1308 632 1345 nulla
647 1307 834 1346 habeatur

349 1367 576 1404 Conceditur
595 1367 726 1404 eodem
747 1379 834 1403 cum
856 1366 936 1403 dies
958 1366 1006 1403 ad
1030 1367 1326 1415 philosophicam
1347 1367 1645 1416 disputacionem
1669 1379 1736 1416 per
1756 1371 1904 1406 statuta

443 1427 631 1463 academie
663 1426 843 1473 assignati
878 1438 953 1462 non
985 1426 1178 1463 sufficiunt
1206 1427 1413 1475 incepturis
1441 1427 1511 1464 hoc
1539 1428 1704 1476 presenti
1733 1440 1833 1465 anno
1862 1429 1902 1465 in

443 1487 589 1524 artibus
621 1489 664 1523 vt
696 1490 822 1523 vestra
854 1487 1080 1522 auctoritate
1113 1486 1255 1523 eisdem
1284 1487 1490 1534 incepturis
1517 1486 1679 1523 liberum
1714 1488 1765 1524 sit
1799 1488 1901 1524 omni

443 1547 608 1594 profesto
624 1546 685 1583 die
702 1545 903 1582 cuiuslibet
920 1546 1131 1593 septimane
1148 1546 1187 1582 in
1205 1547 1367 1583 termino
1387 1547 1668 1594 disputaciones
1689 1551 1729 1584 et
1751 1559 1902 1596 respon·
1971 1565 1973 1567 ·

443 1607 568 1643 siones
584 1618 672 1643 suas
688 1618 774 1642 cum
793 1606 983 1653 magistris
1001 1618 1174 1653 peragere
1191 1607 1230 1643 in
1247 1606 1385 1643 scholis
1401 1607 1614 1644 dialectices
1630 1607 1680 1644 ab
1695 1607 1788 1644 hora
1803 1619 1902 1644 nona

443 1665 742 1702 antemeridiana
758 1676 876 1712 vsque
893 1665 940 1701 ad
963 1665 1030 1712 xj¹¹¹
1052 1665 1106 1701 sic
1128 1668 1171 1702 vt
1193 1666 1289 1702 alter
1310 1670 1595 1713 procuratorum
1620 1667 1723 1704 adsit
1743 1670 1784 1704 et
1805 1679 1902 1704 vnus

444 1724 671 1761 bedellorum
694 1727 733 1761 et
755 1724 883 1760 decem
908 1724 956 1761 ad
979 1724 1106 1760 minus
1130 1724 1388 1762 bacchalaurei
1413 1726 1554 1762 artium
1579 1726 1619 1762 in
1645 1725 1839 1763 habitibus
1863 1730 1902 1762 et

441 1784 657 1831 questiones
682 1783 910 1831 disputando
937 1784 1028 1820 hora
1049 1786 1089 1819 8¹²
1115 1788 1204 1822 ante
1225 1784 1526 1832 disputacionem
1549 1784 1668 1821 valvis
1689 1784 1902 1822 scholarum

442 1842 603 1889 publicis
619 1843 820 1890 affigantur
835 1841 976 1890 alioqui
994 1843 1207 1891 disputacio
1225 1843 1290 1880 illa
1309 1855 1376 1891 pro
1394 1843 1499 1880 nulla
1515 1843 1699 1881 habeatur

349 1902 576 1939 Conceditur
599 1905 638 1939 3⁰
662 1902 807 1950 Aprilis
831 1914 917 1939 cum
942 1903 1054 1939 multi
1079 1903 1127 1940 ad
1153 1903 1226 1940 huc
1251 1907 1455 1951 supersmrt
1480 1904 1518 1940 in
1544 1903 1690 1941 artibus
1714 1903 1902 1952 incepturi

442 1961 582 2008 quibus
598 1974 672 1998 non
690 1962 883 1998 sufficiunt
899 1966 1070 2009 tempora
1087 1973 1110 1998 a
1126 1961 1233 1998 vobis
1249 1961 1440 1999 destinata
1456 1962 1503 2000 ad
1522 1963 1774 2011 peragendum
1790 1966 1901 2000 actus

444 2021 527 2057 illos
544 2021 787 2058 scholasticos
803 2021 870 2068 qui
888 2033 954 2068 per
970 2024 1117 2058 statuta
1134 2023 1259 2058 vestra
1273 2021 1517 2068 requiruntur
1534 2026 1576 2058 vt
1592 2022 1750 2070 singulis
1767 2021 1901 2059 diebus

444 2080 618 2127 profestis
648 2080 759 2117 liceat
783 2081 838 2117 eis
861 2080 910 2116 ab
935 2080 1026 2116 hora
1050 2081 1173 2128 prima
1196 2079 1454 2128 pomeridiana
1477 2080 1524 2118 ad
1556 2081 1710 2118 tertiam
1743 2081 1900 2117 alteram

445 2139 641 2176 instituere
666 2143 705 2175 et
731 2150 904 2187 peragere
928 2138 1227 2186 disputacionem
1250 2139 1548 2187 philosophicam
1572 2151 1646 2176 vna
1668 2151 1754 2176 cum
1779 2140 1899 2176 varia·

443 2198 548 2234 cione
572 2198 610 2234 in
633 2198 771 2234 scholis
795 2197 956 2245 publicis
977 2209 1051 2244 que
1073 2200 1225 2234 tantum
1250 2209 1316 2245 pro
1338 2200 1427 2234 actu
1450 2198 1674 2235 scholastico
1690 2197 1902 2235 habeantur

443 2257 475 2293 si
501 2259 783 2304 prociuatorum
808 2256 905 2293 alter
929 2259 968 2293 et
992 2268 1035 2293 ex
1064 2256 1218 2293 bedellis
1247 2269 1343 2294 vnus
1373 2257 1525 2294 intersit
1554 2269 1627 2294 vna
1656 2269 1743 2295 cum
1771 2257 1900 2295 decem

444 2316 699 2354 bacchalaurei
727 2317 765 2353 in
793 2316 926 2353 habitu
951 2316 1175 2353 scholastico

349 2375 577 2412 Conceditur
603 2378 647 2412 16
679 2375 895 2412 Decembris
925 2379 966 2411 vt
995 2375 1150 2412 Boetius
1179 2375 1217 2412 in
1247 2375 1434 2423 anglicum
1461 2387 1672 2413 sermonem
1700 2387 1901 2413 conversus

442 2435 554 2472 detur
570 2438 703 2471 mutuo
721 2434 912 2481 magistris
936 2433 1085 2471 Robson
1109 2446 1130 2471 e
1151 2434 1303 2482 collegio
1325 2434 1402 2471 divi
1425 2434 1449 2470 J
1452 2434 1612 2471 ohannis
1634 2437 1674 2471 et
1696 2434 1860 2482 Spencer
1880 2446 1901 2471 e

443 2493 597 2541 collegio
614 2493 756 2530 Christi
774 2504 818 2530 ea
835 2492 914 2539 lege
935 2497 976 2529 vt
997 2493 1222 2530 restituatur
1243 2496 1332 2530 ante
1354 2493 1494 2530 festum
1517 2493 1703 2530 Johannis
1726 2494 1899 2541 Baptiste

445 2554 654 2601 proximum
683 2551 756 2590 sub
785 2564 881 2600 pena
908 2564 957 2589 cs
991 2564 1056 2600 per
1088 2552 1355 2601 obligaoionem
1389 2565 1498 2590 suam
1531 2555 1620 2590 ante
1653 2553 1897 2590 traditionem

443 2611 611 2648 eiuffllem
630 2611 715 2649 libri

349 2670 578 2707 Conceditur
598 2673 639 2707 lo
658 2670 829 2707 Januarii
850 2673 891 2707 vt
909 2670 1077 2717 magistri
1095 2669 1265 2707 doctores
1282 2670 1443 2718 Tyndnll
1463 2670 1712 2718 Bridgewater
1727 2674 1766 2707 et
1784 2669 1899 2707 Ward

444 2735 484 2766 et
508 2729 676 2777 magistri
705 2728 859 2766 Bai-well
884 2732 923 2765 et
949 2728 1079 2765 Nevell
1105 2729 1184 2765 sint
1210 2729 1351 2766 iudices
1379 2728 1539 2776 delegati
1569 2729 1608 2765 in
1637 2740 1750 2765 causa
1773 2728 1900 2776 appel-

445 2788 598 2825 lncionis
616 2788 784 2835 magistri
809 2788 947 2825 Lilesse
969 2788 1022 2825 sic
1044 2792 1086 2825 vt
1109 2787 1146 2824 id
1170 2792 1295 2825 ratum
1318 2788 1370 2825 sit
1391 2788 1492 2836 quod
1517 2788 1635 2825 maior
1658 2799 1744 2835 pars
1769 2799 1897 2825 eorum

442 2847 648 2884 decreverit
666 2847 763 2884 infra
780 2850 931 2895 tempus
948 2859 1014 2895 per
1029 2851 1218 2884 unitatum
1238 2847 1445 2884 limitatum

349 2907 575 2944 Conceditur
592 2910 632 2943 21
658 2906 846 2942 Februarii
869 2906 929 2941 W⁰
947 2906 1135 2943 Bai-wicke
1154 2907 1190 2943 in
1209 2906 1354 2944 artibus
1373 2907 1551 2955 magistro
1565 2909 1606 2944 vt
1619 2906 1757 2944 habeat
1769 2906 1897 2944 literas
