2008 3294
171 172 392 231 1577-78]
753 183 906 217 esaon
935 183 1060 216 Boon
1090 182 1120 215 Δ
1633 166 1718 211 313

264 288 506 325 cancellarius
522 288 682 325 fideliter
701 288 826 335 exigat
848 287 929 334 ipse
949 286 1105 323 eandem
1125 285 1172 322 de
1194 284 1346 332 proprio
1368 295 1481 330 super
1503 284 1719 328 compotum

263 347 471 393 generalem
487 348 580 384 ciste
596 348 807 384 communis
819 347 1007 394 persolvat
1020 349 1059 382 et
1071 346 1140 381 hec
1152 345 1343 381 concessio
1357 346 1481 378 vestra
1495 353 1561 388 pro
1573 342 1720 376 statuto

265 405 449 442 habeatur
520 406 610 442 Dies
633 406 813 452 assignati
831 406 972 442 festum
994 404 1143 440 Natalis
1164 403 1317 439 Domini
1344 402 1458 437 Pasce
1480 398 1720 436 Ascentionis

266 465 504 501 Pentecostes
521 466 722 502 Trinitatis
740 465 935 501 Michaelis
954 467 994 500 et
1015 463 1196 500 Omnium
1219 463 1443 498 Sanctorum
1466 471 1602 506 magna
1621 470 1719 494 com-

266 524 375 560 mitia
407 524 574 560 nundine
606 524 684 560 divi
718 524 904 560 Johannis
936 526 975 560 et
1002 522 1300 568 Sturbrigienses
1328 524 1368 556 et
1393 519 1474 556 dies
1502 518 1587 554 initi
1617 517 1720 562 regni

266 582 416 618 domine
441 583 580 629 Regine
606 582 825 618 Elizabethe

173 639 400 676 Conceditur
428 643 475 676 24
503 641 675 677 Januarii
705 653 792 677 cum
820 640 900 676 dies
929 640 977 676 ad
1006 638 1305 687 philosophicam
1330 636 1629 684 disputacionem
1655 646 1721 681 per

267 702 457 735 statutum
479 700 659 746 assignati
680 711 754 735 non
772 699 965 735 sufficiunt
982 697 1238 746 inceptoribus
1256 698 1294 733 in
1312 696 1459 732 artibus
1477 695 1546 731 hoc
1563 706 1661 730 anno
1680 697 1721 728 vt

267 757 544 804 disputaciones
564 757 657 793 fiant
673 757 807 793 diebus
825 757 981 794 Veneris
997 760 1036 793 et
1054 757 1208 792 Saturni
1233 756 1271 791 in
1295 753 1562 802 philosophicis
1584 751 1721 787 scholis

267 814 315 850 ab
337 815 428 851 hora
450 816 549 851 nona
571 827 688 862 vsque
711 815 758 851 ad
781 815 1016 851 vndecimam
1039 817 1212 862 presente
1235 814 1353 850 altero
1375 815 1659 859 procuratorum
1682 813 1722 845 et

267 883 312 907 ex
340 871 495 907 bedellis
524 883 597 907 vno
626 872 692 918 qui
721 872 842 919 pridie
869 872 1003 908 saltem
1030 871 1199 907 eiusdem
1228 870 1302 906 diei
1329 869 1536 906 ordinarios
1563 868 1721 904 lectores

267 930 306 965 in
324 930 483 977 publicis
499 931 635 966 scholis
653 934 872 978 premoneat
890 931 1017 966 future
1033 929 1306 977 disputacionis

174 988 399 1026 Conceditur
415 993 458 1025 31
478 990 501 1026 J
504 990 650 1026 anuarii
667 1002 754 1026 cum
771 990 893 1026 celum
910 991 961 1026 sit
977 990 1085 1026 valde
1102 990 1396 1036 intemperatum
1414 990 1453 1022 et
1470 986 1588 1033 pestis
1602 985 1722 1021 indies

267 1049 387 1095 magis
402 1051 441 1084 et
458 1049 577 1095 magis
593 1052 736 1085 crescat
752 1051 791 1084 et
808 1049 927 1084 multe
942 1049 1064 1096 platee
1082 1048 1194 1083 huius
1207 1046 1335 1094 oppidi
1349 1047 1404 1082 ita
1416 1045 1499 1082 fede
1513 1045 1723 1080 habeantur

266 1111 308 1143 vt
324 1107 554 1143 scholaribus
571 1109 679 1144 tutus
697 1107 745 1143 ad
762 1107 909 1143 scholas
926 1106 1096 1154 publicas
1114 1118 1189 1142 non
1207 1106 1258 1143 sit
1275 1105 1402 1141 aditus
1419 1108 1458 1140 et
1475 1115 1662 1150 regressus
1679 1106 1722 1138 vt

267 1166 444 1201 lectiones
456 1165 734 1213 disputaciones
747 1166 944 1202 conciones
957 1168 996 1201 et
1009 1168 1132 1201 cetera
1145 1164 1370 1200 scholastica
1382 1163 1558 1199 exercitia
1572 1162 1722 1209 publica

266 1225 304 1260 in
323 1225 460 1260 scholis
476 1224 638 1272 publicis
655 1225 961 1260 intermittantur
980 1227 1020 1260 et
1039 1227 1186 1260 cessent
1209 1235 1326 1270 vsque
1349 1222 1396 1259 ad
1419 1223 1598 1268 quintum
1621 1221 1720 1257 diem

267 1283 397 1318 Martii
421 1283 581 1330 proximi
605 1295 681 1330 quo
705 1282 766 1318 die
791 1283 945 1318 comitia
969 1282 1322 1318 bacchalaureorum
1353 1285 1533 1317 consueto
1558 1292 1659 1316 more
1684 1283 1723 1315 et

266 1341 386 1378 forma
402 1341 692 1378 celebrabuntur
741 1342 802 1377 Ita
818 1344 946 1378 tamen
964 1345 1006 1377 vt
1023 1341 1170 1388 singula
1187 1341 1341 1387 collegia
1357 1340 1516 1387 privatis
1533 1340 1572 1375 in
1589 1338 1722 1376 edibus

265 1404 305 1437 et
321 1401 423 1438 domi
441 1401 618 1438 lectiones
635 1402 735 1438 locos
751 1413 969 1438 communes
987 1401 1222 1448 problemata
1238 1405 1277 1436 et
1294 1400 1530 1437 omnimodas
1551 1399 1720 1446 disputa-

268 1460 393 1496 ciones
415 1460 617 1508 omniaque
639 1464 679 1496 et
701 1461 849 1507 singula
871 1461 946 1496 alia
967 1460 1192 1496 scholastica
1216 1460 1393 1496 exercitia
1415 1459 1462 1495 ad
1486 1471 1558 1506 que
1580 1458 1720 1504 alioqui

267 1532 334 1567 per
361 1522 508 1556 statuta
535 1532 604 1556 sua
632 1524 811 1556 tenentur
837 1520 1036 1567 diligenter
1064 1520 1265 1556 observent
1362 1520 1413 1555 Et
1445 1518 1721 1566 disputationes

268 1580 531 1626 magistrorum
564 1579 820 1626 philosophice
850 1580 888 1615 in
919 1579 1056 1615 scholis
1085 1579 1246 1626 publicis
1275 1579 1427 1614 interim
1457 1577 1625 1613 faciende
1654 1588 1721 1623 pro

267 1639 378 1675 factis
399 1643 623 1675 censeantur
644 1638 768 1685 quoad
792 1639 992 1685 magistros
1016 1640 1082 1686 qui
1107 1639 1251 1675 interea
1275 1639 1457 1686 temporis
1482 1637 1721 1684 disputarent

266 1698 320 1734 sic
337 1702 378 1733 vt
396 1697 548 1734 bedellis
565 1698 758 1734 collectam
775 1698 926 1733 solitam
943 1697 1160 1744 persolvant

172 1756 400 1793 Conceditur
418 1760 462 1792 14
480 1757 608 1793 Martii
625 1769 743 1804 quum
760 1756 840 1793 dies
853 1756 901 1792 ad
914 1756 1211 1804 philosophicam
1225 1756 1523 1803 disputacionem
1538 1755 1718 1802 assignati
1738 1753 1767 1793 f.
1793 1753 1868 1791 125
1889 1767 1913 1791 a

267 1828 342 1851 non
358 1815 550 1852 sufficiunt
566 1816 772 1863 incepturis
789 1816 828 1851 in
844 1815 991 1852 artibus
1005 1820 1046 1851 vt
1059 1815 1229 1862 quolibet
1245 1815 1306 1851 die
1323 1815 1489 1862 profesto
1506 1814 1580 1850 alia
1592 1814 1720 1861 dispu-

266 1873 365 1910 tacio
382 1874 448 1910 fiat
465 1874 505 1910 in
521 1873 658 1910 scholis
674 1873 880 1910 dialecticis
895 1873 944 1910 ab
961 1874 1053 1910 hora
1069 1874 1192 1921 prima
1208 1876 1294 1920 post
1319 1873 1512 1909 meridiem
1535 1884 1651 1918 vsque
1674 1872 1721 1908 ad

264 1933 417 1968 tertiam
442 1935 614 1980 presente
637 1932 755 1969 altero
778 1935 1063 1980 procuratorum
1086 1935 1125 1968 et
1146 1931 1289 1968 bedello
1313 1932 1378 1978 qui
1403 1934 1623 1978 premoneat
1639 1943 1719 1978 prc-

266 1991 421 2027 lectores
437 1990 603 2027 eiusdem
620 1991 894 2038 disputacionis

172 2050 399 2086 Conceditur
427 2054 468 2086 19
495 2050 623 2086 Martii
647 2054 689 2086 vt
712 2050 882 2097 magistri
905 2050 1076 2086 doctores
1103 2050 1281 2086 Hawsord
1309 2050 1440 2096 Harvy
1460 2052 1499 2085 et
1521 2049 1619 2095 Legg
1642 2049 1721 2084 sint

267 2110 407 2146 iudices
424 2110 581 2156 delegati
599 2110 638 2145 in
655 2122 767 2147 causa
784 2111 1050 2158 appellacionis
1075 2110 1233 2146 Isabelle
1251 2110 1390 2146 Culton
1407 2110 1461 2145 sic
1478 2109 1579 2156 quod
1603 2110 1722 2144 maior

267 2182 353 2216 pars
369 2182 497 2206 eorum
514 2170 718 2206 decreverit
736 2170 833 2206 infra
849 2174 1000 2217 tempus
1016 2182 1083 2217 per
1098 2173 1288 2206 statutum
1313 2170 1520 2205 limitatum
1539 2169 1576 2204 id
1594 2172 1718 2204 ratum

267 2231 319 2266 sit

174 2289 299 2333 Quum
328 2301 571 2336 sepenumero
600 2291 805 2337 peticiones
835 2292 944 2338 (quas
972 2291 1114 2337 gratias
1146 2291 1425 2337 nuncupamus)
1451 2301 1519 2336 pro
1543 2288 1720 2335 gradibus

266 2348 499 2384 scholasticis
523 2352 562 2384 et
586 2349 671 2385 aliis
693 2349 883 2385 academie
903 2349 1095 2385 beneflciis
1118 2349 1391 2396 consequendis
1415 2350 1454 2385 in
1478 2354 1613 2386 senatu
1638 2363 1718 2397 pro-

267 2411 460 2454 ponuntur
491 2420 586 2455 quas
618 2409 821 2445 earundem
848 2409 1040 2445 candidati
1071 2414 1202 2456 postea
1231 2421 1305 2444 non
1335 2410 1428 2444 satis
1458 2414 1565 2456 grato
1593 2411 1721 2446 auimo

268 2467 558 2514 interpretantes
586 2468 645 2504 vel
677 2480 752 2504 nou
780 2472 989 2515 agnoscunt
1019 2469 1077 2504 vel
1105 2470 1259 2504 omnino
1287 2469 1463 2515 rejiciunt
1492 2470 1590 2506 vnde
1619 2471 1718 2516 apud

268 2525 401 2571 vulgus
418 2525 609 2561 academia
630 2526 727 2562 male
749 2526 857 2562 audit
879 2530 918 2562 et
940 2538 1015 2562 non
1040 2539 1155 2573 parva
1178 2526 1380 2573 ignominie
1403 2527 1486 2563 labe
1509 2529 1721 2574 aspergitur

268 2584 394 2619 Placet
420 2584 525 2620 vobis
553 2588 596 2621 vt
623 2586 689 2632 qui
718 2585 894 2632 deinceps
923 2586 1138 2622 huiusmodi
1169 2587 1394 2633 peticionem
1424 2587 1539 2633 capiti
1565 2592 1719 2623 senatus

267 2642 544 2688 proponendam
562 2643 748 2679 curaverit
764 2648 832 2680 aut
849 2643 1112 2690 subscripserit
1129 2644 1200 2680 sub
1218 2645 1366 2680 vinculo
1389 2645 1591 2681 iuramenti
1615 2647 1720 2692 prius

268 2701 503 2736 vniuersitati
526 2702 674 2748 prestiti
697 2701 847 2749 publico
869 2703 988 2738 erario
1006 2703 1140 2749 viginti
1157 2703 1295 2739 solidos
1318 2704 1525 2750 persolvere
1545 2707 1720 2740 teneatur

268 2760 316 2796 ad
333 2772 467 2796 manus
484 2761 721 2798 dominorum
739 2765 1024 2809 procuratorum
1042 2763 1141 2799 infra
1158 2766 1242 2798 octo
1259 2763 1340 2798 dies
1356 2767 1559 2810 postquam
1582 2765 1718 2800 consti-

266 2820 356 2855 terit
384 2820 627 2856 candidatum
657 2823 726 2856 aut
755 2821 851 2856 nolle
879 2825 948 2856 aut
979 2833 1046 2868 per
1076 2822 1258 2868 temporis
1283 2822 1483 2858 decursum
1511 2835 1584 2858 non
1611 2836 1719 2870 posse

268 2877 483 2914 huiusmodi
500 2879 631 2925 gratiis
647 2880 808 2925 gaudere
872 2881 923 2915 Et
941 2881 1008 2915 hec
1025 2880 1215 2915 concessio
1231 2892 1299 2926 pro
1316 2883 1464 2916 statuto
1481 2881 1665 2917 habeatur
1680 2886 1720 2918 et

267 2937 490 2974 observetur
553 2938 740 2975 Concessa
759 2941 802 2975 18
819 2940 843 2976 J
846 2940 928 2975 unii
949 2941 1041 2977 1578
1145 2934 1149 2938 ’
