2046 3224
214 169 432 226 1550-51]
802 182 953 214 emen
984 181 1107 214 Boon
1139 183 1169 214 Δ
1706 172 1760 214 75

713 409 1022 453 Bacchalaurei
1052 408 1271 467 theologie

215 541 314 577 Item
347 540 563 577 conceditur
594 541 774 588 magistro
802 541 941 578 Pachet
969 545 1012 578 vt
1037 541 1206 578 studium
1237 543 1257 579 7
1291 552 1475 577 annorum
1505 541 1544 577 in
1578 541 1763 588 theologia

307 603 508 646 postquam
531 599 667 636 rexerit
692 601 731 635 in
756 599 903 636 artibus
928 612 1002 636 vna
1023 611 1110 636 cum
1133 599 1438 647 responsionibus
1462 599 1764 647 opposicionibus

306 661 346 694 et
361 657 603 694 concionibus
619 659 759 706 partim
776 659 852 696 iam
865 659 1007 696 habitis
1019 662 1059 696 et
1071 660 1205 696 ceteris
1221 670 1288 706 per
1299 662 1447 696 statuta
1459 659 1560 706 regia
1571 659 1764 706 requisitis

308 715 490 752 habendis
507 719 595 752 ante
617 717 758 753 festum
775 717 918 754 Pasche
939 718 1152 765 proximum
1174 717 1206 753 si
1228 717 1364 753 vixerit
1385 716 1458 753 sub
1480 729 1576 764 pena
1596 717 1765 764 quinque

306 774 487 810 librarum
511 775 550 811 in
580 775 756 812 manibus
784 780 1069 823 procuratorum
1099 775 1272 824 ponenda
1297 776 1460 813 sufficiat
1485 776 1519 812 ei
1547 776 1595 812 ad
1620 777 1763 812 intran-

305 834 398 870 dum
414 834 452 870 in
471 834 599 871 eadem
620 834 808 882 theologia
861 836 923 872 Sic
940 839 982 872 vt
999 836 1120 883 possit
1136 835 1289 872 admitti
1307 839 1395 872 ante
1412 836 1550 872 festum
1569 836 1764 872 Michaelis

306 893 516 940 proximum
568 894 630 930 Ita
654 897 781 930 tamen
807 898 850 930 vt
875 893 946 930 hoc
971 896 1141 942 tempore
1167 895 1374 930 vacationis
1402 894 1462 930 bis
1486 894 1524 930 in
1550 894 1688 942 oppido
1715 895 1762 931 ad

305 951 485 999 populum
502 953 744 989 concionetur
791 957 832 989 et
853 953 972 989 nihilo
994 954 1122 990 minus
1143 958 1288 990 ceteras
1311 954 1508 989 conciones
1530 966 1597 1001 per
1616 956 1763 990 statuta

306 1011 508 1058 requisitas
531 1013 663 1059 postea
687 1012 856 1059 perficiat
910 1012 1064 1058 (Omnia
1088 1013 1242 1060 peregit,
1268 1013 1430 1061 margin)

214 1069 312 1105 Item
329 1069 547 1106 conceditur
562 1070 742 1117 magistro
765 1071 925 1107 Pereson
949 1071 1086 1108 seniori
1110 1072 1341 1119 procuratori
1358 1075 1401 1108 vt
1422 1072 1592 1109 studium
1611 1074 1631 1110 7
1649 1084 1763 1108 anno-

307 1140 391 1165 rum
415 1129 453 1166 in
481 1129 668 1176 theologia
696 1133 897 1178 postquam
923 1131 1060 1167 nexerit
1085 1131 1123 1167 in
1149 1131 1295 1167 artibus
1321 1143 1394 1167 vna
1417 1143 1504 1167 cum
1529 1131 1765 1168 sermonibus

305 1188 603 1236 oppositionibus
619 1192 658 1226 et
674 1189 979 1238 responsionibus
996 1190 1101 1227 iuxta
1117 1194 1264 1227 statuta
1279 1191 1379 1237 regia
1402 1191 1594 1238 requisitis
1610 1195 1649 1227 et
1665 1203 1764 1227 anno

305 1247 477 1296 sequenti
495 1247 730 1294 perficiendis
745 1247 908 1284 sufficiat
926 1249 960 1284 ei
977 1248 1024 1285 ad
1042 1248 1261 1285 intrandum
1284 1249 1323 1284 in
1346 1260 1452 1284 saera
1468 1248 1654 1295 theologia
1701 1249 1763 1285 Sic

305 1305 405 1352 quod
422 1305 649 1343 admittatur
664 1306 759 1343 citra
775 1307 912 1343 festum
936 1307 1105 1343 omnium
1128 1310 1345 1343 sanctorum
1367 1307 1440 1344 sub
1458 1319 1555 1354 pena
1577 1308 1762 1344 cautionis

305 1365 415 1402 realis
431 1365 547 1402 trium
565 1365 746 1402 librarum
803 1366 934 1412 (Verte
951 1369 1051 1402 retro
1067 1366 1115 1402 ad
1132 1366 1209 1402 tale
1225 1366 1390 1413 signum)
1413 1366 1463 1414 [p.
1484 1366 1545 1414 73]

213 1423 311 1459 Item
343 1423 560 1460 conceditur
591 1424 771 1471 magistro
799 1425 902 1471 Ayre
927 1423 1092 1460 admisso
1124 1423 1172 1460 ad
1198 1424 1452 1471 incipiendum
1483 1425 1521 1460 in
1549 1424 1694 1461 artibus
1719 1429 1761 1461 vt

305 1483 425 1530 possit
457 1483 533 1519 iam
565 1483 765 1520 actualiter
796 1483 962 1531 profiteri
989 1483 1028 1519 in
1055 1482 1210 1519 eiisdem
1237 1483 1415 1530 quoniam
1446 1484 1636 1530 preteritis
1663 1497 1762 1521 com-

306 1542 426 1578 mitiis
442 1542 623 1579 interesse
644 1543 751 1579 seriis
773 1543 936 1590 negociis
958 1543 1176 1591 prepeditus
1198 1547 1237 1579 et
1258 1544 1387 1580 futura
1409 1544 1490 1579 sine
1507 1545 1670 1580 maximo
1693 1556 1763 1581 suo

305 1601 500 1649 dispendio
524 1605 719 1650 expectare
743 1614 817 1639 non
846 1606 972 1650 potest
1022 1602 1083 1638 Ita
1111 1606 1238 1638 tamen
1263 1603 1365 1649 quod
1389 1614 1434 1639 ea
1457 1603 1584 1639 omnia
1608 1609 1762 1651 peragat

305 1673 379 1709 que
403 1673 470 1709 per
491 1665 639 1699 statuta
662 1663 764 1710 regia
787 1661 836 1698 ab
860 1673 903 1699 eo
927 1662 1127 1709 exiguntur

213 1721 311 1758 Item
327 1721 546 1758 conceditur
567 1725 610 1758 vt
631 1733 761 1759 omnes
781 1722 847 1769 qui
869 1721 1012 1759 habent
1033 1722 1226 1758 cautiones
1249 1734 1323 1759 non
1346 1726 1619 1770 superannatas
1640 1735 1762 1771 neque

306 1779 562 1816 fraudulenter
593 1783 792 1817 renovatas
825 1781 863 1816 in
894 1780 980 1816 vllis
1011 1780 1118 1816 cistis
1149 1780 1365 1816 achademie
1398 1781 1470 1816 nisi
1504 1781 1675 1817 venerint
1701 1781 1762 1818 die

307 1837 463 1875 Veneris
478 1839 647 1886 proximo
667 1839 758 1876 hora
780 1839 903 1886 prima
923 1842 963 1876 et
984 1839 1173 1876 redimant
1195 1851 1269 1876 non
1292 1844 1470 1888 poterunt
1492 1840 1641 1877 easdem
1665 1841 1759 1877 redi-v

305 1908 406 1933 mere
422 1900 510 1933 ante
526 1897 701 1934 vltimum
717 1897 818 1934 diem
835 1898 997 1944 Augusti
