2008 3216
182 170 402 226 1568-69]
752 180 902 212 emon
933 180 1058 212 BOOK
1088 180 1119 212 Δ
1641 165 1724 208 219

275 285 433 332 Bradley
452 285 611 321 Rioardo
628 284 819 332 Sylvester
836 284 1018 320 Nicholao
1035 282 1202 319 Monnke
1215 280 1404 318 willelmo
1421 279 1536 316 Hillis
1601 279 1726 315 Bacon

276 345 384 380 Edm.
409 345 564 380 Enewes
591 343 684 380 Rob.
709 343 870 380 Donnell
894 342 986 379 Tho.
1010 341 1144 378 Nevell
1166 341 1224 377 J0.
1250 339 1409 376 Gawber
1431 338 1549 375 Paulo
1574 338 1727 374 Salmon

275 406 314 439 et
346 415 433 439 cum
468 406 509 439 11
537 403 710 439 terminis
736 402 827 438 Rob.
859 402 1006 448 Corney
1030 400 1200 437 Dionisio
1226 399 1395 446 Mayowe
1421 397 1572 434 Humfr.
1599 396 1727 433 Carte-

275 462 421 509 wryght
453 462 510 498 J0.
543 463 674 509 Mayer
706 462 824 498 Anth.
857 461 1011 498 Dobson
1045 460 1068 496 J
1071 459 1187 496 acobo
1221 459 1302 494 Hill
1335 459 1359 495 J
1361 470 1393 494 ο.
1425 458 1592 494 Fawcett
1624 457 1726 503 Step.

277 521 414 567 Persay
440 521 520 556 Elie
547 521 771 556 Newcomen
799 520 893 556 Hen.
920 519 1067 566 Raghet
1091 517 1210 554 Anth.
1235 516 1387 563 Wright
1413 516 1510 551 Heu.
1539 515 1728 551 Hickman

278 580 437 616 Ricardo
460 580 579 616 Swale
602 580 704 615 Edw.
731 580 987 626 Howstwayte
1010 578 1102 614 Tho.
1128 578 1271 613 Sowter
1317 579 1357 612 et
1378 587 1466 612 cum
1490 578 1532 611 11
1557 574 1730 610 terminis

276 651 363 675 cum
387 639 550 675 termino
573 640 613 675 in
636 652 711 686 quo
728 639 829 677 Edw.
847 637 1133 686 Frothyngham
1151 637 1279 674 Godfr.
1298 634 1496 672 FuJiambe
1512 634 1614 681 Step.
1634 633 1729 669 Nor-

275 700 342 733 ton
391 701 430 734 et
454 710 541 734 cum
569 701 612 733 12
637 698 810 734 terminis
836 698 933 733 Hen.
958 696 1064 733 Goad
1087 697 1141 733 sic
1165 699 1208 733 vt
1231 695 1468 731 examinetur
1489 697 1528 730 et
1549 692 1730 740 probetur

274 768 342 803 per
357 756 632 792 examinatores
649 757 762 792 huius
779 757 869 792 anni

181 814 408 852 Conceditur
427 816 470 849 18
488 813 683 849 Februarii
701 813 861 850 Ricardo
880 813 997 850 Jones
1018 817 1061 849 vt
1083 816 1127 848 12
1149 812 1304 849 termini
1327 812 1367 847 in
1390 803 1529 858 quibus
1550 809 1728 846 lectiones
1746 803 1773 843 f.
1796 802 1847 842 95
1867 802 1894 841 b

275 876 334 909 etc
351 884 438 908 cum
455 871 757 918 oppositionibus
774 874 834 907 etc
851 872 1042 907 sufficiant
1058 871 1092 906 ei
1109 871 1157 907 ad
1174 869 1477 918 respondendum
1494 867 1685 916 questioni

181 931 324 968 Eadem
346 931 468 977 gratia
490 929 707 966 conceditur
728 929 858 965 eodem
882 929 1042 965 Ricardo
1067 930 1204 977 Taylor
1227 931 1267 965 et
1291 940 1378 965 cum
1403 928 1566 964 termino
1590 927 1628 962 in
1655 937 1730 972 quo

275 990 333 1026 J0.
352 989 480 1026 Collen
497 993 535 1024 et
552 1001 638 1024 cum
658 992 698 1024 11
718 989 892 1024 terminis
910 989 998 1024 Lan.
1019 989 1211 1026 Harreson
1231 988 1420 1024 Willelmo
1443 986 1585 1022 Arture
1633 984 1729 1021 Con-

276 1047 423 1084 ceditur
439 1047 569 1083 eodem
587 1047 740 1093 Hugoni
755 1047 906 1082 Bascew
918 1049 961 1082 vt
980 1049 1025 1083 12
1041 1046 1194 1082 termini
1213 1049 1272 1082 etc
1289 1046 1342 1082 sic
1359 1049 1403 1081 vt
1419 1045 1524 1092 prius
1541 1043 1727 1080 examine-

275 1109 340 1142 tur
360 1109 398 1141 et
419 1105 650 1152 approbetur
672 1117 739 1152 per
758 1105 1033 1140 examinatores
1055 1104 1169 1140 huius
1191 1104 1282 1140 anni
1331 1107 1370 1140 et
1387 1115 1474 1139 cum
1494 1106 1535 1138 11
1555 1101 1729 1138 terminis

276 1164 589 1220 Hen.·.Jernegan
637 1166 676 1199 et
705 1175 792 1199 cum
823 1166 864 1199 11
896 1163 1071 1199 terminis
1099 1174 1186 1198 cum
1215 1163 1380 1198 termino
1404 1162 1443 1197 in
1468 1173 1544 1207 quo
1569 1160 1729 1196 Ricardo

275 1223 387 1270 Poley

181 1282 278 1318 Cum
294 1281 369 1316 hiis
384 1281 734 1317 determinaverunt
751 1292 795 1316 ex
811 1280 966 1326 collegio
984 1280 1099 1326 Regio
1114 1279 1253 1326 quibus
1270 1278 1374 1315 nulla
1390 1278 1511 1326 petita
1527 1280 1586 1313 est
1607 1289 1728 1324 neque

274 1352 449 1376 concessa
476 1340 598 1386 gratia
627 1339 674 1375 ab
703 1339 896 1375 academia
925 1338 1030 1374 Alex.
1063 1337 1197 1374 Bound
1228 1337 1334 1373 Caro.
1368 1337 1568 1384 Kyrkham
1598 1336 1728 1371 Simon

275 1398 420 1434 Boham
437 1398 648 1434 Willelmus
666 1397 821 1433 Henson
839 1397 862 1432 J
866 1409 897 1432 o.
918 1397 1074 1432 Browne
1091 1396 1183 1432 Tho.
1204 1396 1351 1431 Wattes
1367 1398 1406 1430 et
1424 1394 1516 1430 Rob.
1537 1394 1730 1440 Dunnyng

181 1457 408 1494 Conceditur
437 1459 479 1493 21
512 1457 685 1493 Januarii
715 1460 757 1492 vt
785 1456 1037 1502 questioniste
1067 1455 1180 1490 huius
1209 1455 1299 1490 anni
1330 1454 1478 1501 possint
1507 1452 1729 1500 respondere

274 1517 462 1564 questioni
480 1520 567 1563 post
586 1516 725 1552 festum
742 1515 1016 1563 purificationis
1033 1514 1142 1550 beate
1161 1514 1279 1550 Marie
1297 1525 1371 1549 non
1389 1513 1565 1549 obstante
1582 1514 1730 1547 statuto

179 1576 407 1614 Conceditur
422 1576 553 1612 eodem
566 1578 608 1611 vt
625 1575 797 1621 magistri
816 1574 997 1610 Siclemor
1013 1577 1052 1609 et
1065 1573 1252 1609 Chalenor
1267 1572 1347 1608 sint
1360 1574 1487 1607 vestra
1503 1570 1729 1607 auctoritate

274 1636 415 1672 iudices
443 1640 482 1672 et
510 1636 787 1671 examinatores
815 1634 1154 1681 questionistarum
1185 1633 1300 1669 huius
1329 1633 1419 1668 anni
1448 1632 1503 1668 sic
1533 1634 1575 1667 vt
1603 1642 1729 1667 coram

273 1698 409 1731 senatu
425 1695 604 1731 iuditium
621 1698 660 1731 et
677 1695 908 1730 sententiam
929 1706 1038 1730 suam
1055 1694 1102 1730 de
1118 1693 1259 1729 eisdem
1280 1693 1447 1728 referant
1467 1692 1507 1727 in
1531 1691 1608 1726 vim
1631 1691 1729 1726 iura-

274 1755 393 1790 menti
411 1754 469 1790 sui
486 1749 820 1790 vniuersitatiiam
838 1753 929 1789 olim
946 1752 1098 1799 prestiti

182 1814 292 1850 Mem.
311 1814 411 1860 quod
430 1814 513 1850 Leo.
534 1813 709 1850 Metoalfe
726 1816 766 1849 et
783 1813 875 1848 Tho.
890 1813 1076 1860 Feryman
1093 1823 1181 1847 cum
1197 1811 1271 1847 hiis
1288 1822 1363 1846 non
1380 1810 1730 1846 determinaverunt

275 1874 315 1908 et
331 1871 414 1908 ideo
431 1872 691 1908 forisfecerunt
708 1871 902 1908 cautiones
919 1883 1007 1907 suas
1024 1870 1198 1906 videlicet
1216 1869 1300 1916 xxvj
1314 1881 1333 1905 s
1350 1869 1414 1916 viij
1427 1868 1452 1904 d

744 2141 860 2184 Ordo
891 2141 1161 2184 senioritatis

182 2277 274 2315 Rob.
292 2277 453 2325 Wryght
483 2276 569 2313 Chr.
740 2276 893 2323 Duffyld
1043 2276 1066 2311 J
1069 2287 1101 2311 ο.
1304 2276 1445 2322 Swyfte
1588 2275 1666 2312 Cla.

181 2337 313 2373 Nevell
486 2336 584 2372 Pem.
743 2336 966 2372 Newcomen
1046 2336 1143 2382 Mag.
1307 2336 1452 2382 Mayew
1588 2336 1716 2382 Regin.

183 2395 384 2443 Hyckman
486 2394 509 2430 J
512 2406 543 2431 0.
746 2394 890 2440 Philips
1049 2393 1072 2428 J
1073 2405 1123 2429 es.
1310 2394 1482 2441 Kyrkam
1589 2394 1713 2440 Regal.

182 2454 311 2501 Lewys
485 2453 612 2499 Regin.
744 2452 877 2488 Bound
1050 2452 1173 2498 Regal.
1307 2453 1548 2499 Skevyngton
1589 2453 1665 2490 Tri.

181 2512 286 2548 Allat
484 2512 591 2548 Clare
742 2511 887 2547 Adams
1048 2512 1122 2547 Tri.
1308 2511 1440 2547 Foster
1587 2512 1611 2547 J
1614 2524 1646 2548 o.

183 2571 383 2618 Atkynson
488 2570 615 2616 Regin.
747 2570 866 2605 Maier
1049 2569 1073 2605 J
1076 2582 1107 2606 o.
1310 2570 1556 2617 Cartewright
1587 2571 1611 2606 J
1614 2583 1646 2608 0.

183 2628 319 2665 Welles
487 2628 614 2674 Regin.
747 2627 972 2674 Hustwayte
1054 2628 1153 2664 Pem.
1312 2628 1472 2676 Bradley
1593 2630 1671 2665 Pet.

184 2688 316 2725 Ebden
487 2687 594 2723 Clare
747 2686 838 2722 Tho.
859 2686 1000 2722 Nelson
1052 2686 1159 2722 Clare
1312 2688 1502 2723 Laurence
1590 2688 1668 2724 Pet.

186 2748 298 2794 Polye
488 2747 511 2782 J
515 2759 546 2782 0.
746 2746 856 2782 Mart.
877 2746 913 2781 N
915 2746 1018 2782 elson
1050 2746 1124 2782 Tri.
1313 2746 1393 2782 0011
1394 2759 1446 2794 yn
1593 2747 1679 2787 Chr,

185 2804 342 2841 Gawber
490 2805 588 2840 Pem.
747 2803 834 2838 Mod
837 2816 883 2850 ye
1049 2803 1074 2838 J
1076 2815 1107 2838 o.
1311 2804 1415 2840 Dove
1588 2806 1612 2841 J
1615 2818 1645 2841 o.

186 2863 335 2899 Bascew
486 2862 571 2898 Chr.
745 2861 849 2897 Goad
1049 2861 1179 2907 Regin.
1311 2863 1467 2909 Dowtye
1588 2864 1612 2900 J
1614 2876 1646 2900 0.
