1976 3276
321 169 406 210 254
916 181 1068 212 emon:
1099 181 1223 212 BOOK
1255 182 1284 212 Δ
1646 169 1868 227 [1571-72

318 282 546 319 Conceditur
570 287 614 320 12
633 284 857 321 Novembris
875 285 972 322 Heu.
993 285 1154 321 Latham
1175 286 1214 321 iu
1230 285 1422 322 academia
1439 285 1639 322 Oxoniensi
1663 286 1702 321 in
1724 285 1870 322 artibus

413 342 659 380 bachalaureo
672 347 714 380 vt
731 345 783 380 sit
799 345 860 380 hic
876 345 978 392 apud
993 358 1058 381 vos
1075 346 1113 381 in
1126 346 1281 382 eiisdem
1295 345 1412 392 gradu
1424 345 1553 382 ordine
1565 349 1605 381 et
1621 358 1720 381 anno
1732 345 1870 392 quibus

412 401 487 437 fuit
503 402 542 437 in
558 402 661 438 dicta
677 403 869 439 academia
916 404 1106 440 admissus
1122 404 1252 440 eodem

318 459 546 496 Conceditur
570 463 613 496 18
630 461 803 497 Januarii
826 462 918 498 Tho.
943 462 1100 509 Seymar
1123 462 1171 498 ad
1195 461 1498 509 respondendum
1520 463 1708 509 questioni
1728 463 1870 499 Oxonie

412 518 602 556 admissus
623 521 708 566 (sic)
731 524 774 556 vt
796 521 847 557 sit
870 521 930 556 hic
955 521 1055 568 apud
1082 533 1148 557 vos
1171 522 1210 557 in
1234 521 1389 557 eiisdem
1414 521 1544 557 ordine
1568 534 1667 557 anno
1692 526 1731 558 et
1752 523 1870 569 gradu

411 578 550 624 quibus
566 579 640 615 fuit
657 579 800 615 Oxonie

317 635 545 672 Conceditur
563 640 606 673 18
623 638 647 673 J
649 639 796 685 aunarii
814 641 856 674 vt
873 639 1044 685 magistri
1062 639 1086 674 J
1087 651 1119 674 o.
1137 639 1365 675 Knewstubs
1380 643 1419 675 et
1439 639 1620 676 Ricardus
1634 640 1868 687 Remyngton

409 697 487 732 sint
504 701 629 733 vestra
645 699 874 734 auctoritate
890 699 1032 734 iudices
1050 702 1089 735 et
1105 700 1381 735 examinatores
1397 700 1735 745 questionistarum
1757 700 1869 736 huius

411 756 501 791 anni
518 757 572 791 sic
585 760 628 792 vt
644 769 770 793 coram
786 761 922 793 senatu
934 759 1164 794 sententiam
1181 770 1289 794 suam
1303 758 1349 793 de
1362 758 1516 794 eiisdem
1534 759 1658 794 ferant
1676 760 1714 794 in
1728 760 1869 795 virtute

411 815 613 851 iuramenti
629 817 687 852 sui
706 817 811 863 prius
830 818 1067 853 vniuersitati
1086 818 1235 864 prestiti

316 873 543 909 Conceditur
578 874 708 910 eodem
746 878 789 910 vt
825 876 1074 921 questionistc
1116 876 1263 922 possint
1304 877 1527 923 respondere
1562 877 1751 923 questioni
1785 881 1870 924 post

411 933 550 968 festum
590 934 863 980 purificaciouis
904 934 1013 970 beate
1049 935 1166 970 Marie
1201 935 1355 981 virginis
1392 947 1466 971 non
1507 935 1683 972 obstante
1723 939 1868 973 statuto

405 993 528 1028 *veteri

316 1051 543 1088 Conceditur
565 1056 610 1089 29
632 1053 738 1089 Junii
764 1056 853 1092 1571
874 1054 1032 1090 Griffino
1055 1055 1156 1101 Toye
1174 1057 1216 1090 vt
1241 1057 1284 1090 12
1302 1054 1455 1090 termini
1480 1054 1518 1089 in
1540 1053 1680 1100 quibus
1701 1058 1760 1090 etc
1781 1066 1867 1091 cum

409 1112 709 1158 oppositionibus
725 1117 785 1149 etc
802 1114 991 1150 sufficiant
1008 1115 1041 1149 ei
1059 1114 1107 1149 ad
1124 1113 1426 1160 respondendum
1443 1114 1630 1160 questioni

898 1392 1097 1449 Magistri
1128 1393 1288 1436 artium

314 1535 542 1572 Conceditur
560 1538 604 1571 12
622 1535 750 1571 Martii
767 1535 920 1571 domino
932 1535 1097 1571 Hem-ico
1114 1535 1219 1572 Goad
1237 1539 1279 1572 vt
1296 1548 1429 1572 novem
1447 1537 1599 1572 termini
1613 1540 1699 1584 post
1716 1537 1865 1573 finalem

408 1595 489 1630 eius
505 1595 860 1631 determinacioncm
884 1595 923 1630 in
940 1594 1080 1641 quibus
1098 1595 1276 1631 lectiones
1291 1596 1500 1632 ordinarias
1517 1596 1664 1633 audivit
1685 1597 1772 1632 licet
1790 1608 1864 1632 non

408 1654 562 1689 omnino
578 1652 783 1689 secundum
808 1653 966 1688 formam
983 1653 1120 1689 statuti
1138 1665 1223 1689 cum
1242 1653 1542 1701 oppositionibus
1561 1653 1865 1701 responsionibus

407 1717 446 1749 et
466 1713 550 1749 aliis
566 1713 753 1748 exercitiis
773 1724 839 1760 per
855 1715 1002 1748 statuta
1019 1713 1118 1759 regin
1135 1713 1330 1759 requisitis
1351 1713 1541 1749 sufficiant
1557 1714 1591 1749 ei
1615 1713 1663 1749 ad
1686 1713 1863 1760 incipien-

407 1772 498 1808 dum
517 1772 556 1807 in
572 1772 720 1807 artibus

314 1831 454 1867 Eadem
478 1831 598 1877 gratia
619 1829 837 1866 conceditur
855 1830 985 1866 eodem
1008 1830 1160 1866 domino
1181 1831 1238 1867 J0.
1264 1830 1424 1878 Bradley
1441 1830 1476 1867 d.
1497 1831 1684 1867 Willelmo
1706 1831 1806 1867 Hills
1826 1831 1861 1867 d.

408 1890 489 1927 Elio
516 1890 736 1926 Newcomen
761 1889 796 1926 (1.
826 1890 921 1926 ch.
948 1890 1133 1936 Jernegan
1160 1890 1313 1926 domino
1346 1890 1434 1926 Rob.
1465 1891 1676 1937 Dunnyngc
1700 1890 1735 1927 d.
1764 1890 1861 1926 Will.

407 1949 561 1985 Skclton
579 1949 614 1985 d.
627 1949 718 1984 Tho.
734 1950 876 1984 Sowter
891 1949 926 1985 d.
944 1949 1112 1985 Dionisio
1131 1950 1243 1996 Mnyo
1260 1949 1295 1986 d.
1310 1949 1333 1985 J
1336 1962 1367 1986 ο.
1381 1949 1539 1985 Gawbcr
1550 1950 1584 1987 d.
1600 1950 1662 1986 W⁰
1676 1950 1863 1986 Laurenoe

406 2010 442 2047 d.
460 2009 551 2044 Tho.
579 2009 763 2044 Patcnson
785 2008 820 2044 d.
839 2009 897 2045 J0.
919 2008 1073 2044 Hobson
1091 2009 1127 2047 d.
1145 2009 1168 2044 J
1172 2021 1203 2044 o.
1224 2009 1427 2056 Furmerye
1443 2009 1478 2046 d.
1501 2009 1589 2046 Rob.
1608 2010 1724 2045 Joncs
1746 2010 1780 2046 d.
1799 2010 1856 2047 J0.

410 2067 563 2116 Dufl'yld
579 2067 615 2104 d.
633 2067 725 2105 Tho.
744 2068 880 2115 Nevyll
897 2067 931 2104 d.
954 2067 1111 2104 Ricardo
1127 2068 1319 2115 Sylvestcr
1334 2067 1368 2103 d.
1390 2067 1479 2104 Rob.
1500 2068 1649 2115 Wright

313 2127 541 2165 Conceditur
561 2126 691 2163 cadem
713 2127 835 2174 gratia
860 2129 903 2163 18
924 2127 1067 2174 Aprilis
1088 2127 1122 2163 d.
1147 2127 1248 2165 JacO.
1276 2126 1355 2163 Hill
1375 2126 1409 2162 d.
1434 2126 1457 2161 J
1461 2138 1491 2162 o.
1518 2127 1665 2163 Fawcct
1686 2127 1721 2165 d.
1742 2128 1859 2165 mer.

407 2186 633 2234 Curtwright
653 2186 688 2223 d.
706 2187 730 2222 J
733 2199 764 2223 ο.
786 2187 874 2223 Prat
891 2187 925 2223 d.
946 2187 1046 2223 Edw.
1067 2186 1261 2233 Dowghtic
1278 2186 1312 2223 (1.
1334 2186 1428 2224 llcn.
1445 2186 1634 2223 Hickman
1651 2187 1686 2223 d.
1703 2187 1861 2224 Ricardo

408 2245 542 2293 Poolcy
553 2244 587 2282 d.
599 2244 657 2283 J0.
674 2244 804 2292 Muyor
856 2247 898 2280 19
913 2244 1054 2292 Aprilis
1070 2244 1105 2280 d.
1119 2244 1208 2280 Tho.
1225 2244 1466 2291 Skcvyngton
1483 2243 1517 2280 d.
1537 2244 1558 2279 J
1563 2255 1593 2281 0.
1610 2244 1861 2281 Watorhowse

405 2305 441 2342 d.
470 2305 565 2341 Heu.
592 2304 826 2353 Wylkynson
851 2304 886 2340 (1.
916 2304 1074 2340 Ricardo
1101 2304 1200 2351 Byrd
1224 2303 1259 2340 d.
1285 2304 1347 2340 W⁰
1368 2304 1570 2351 Barwycko
1593 2304 1627 2340 d.
1655 2304 1745 2340 Tho.
1773 2304 1862 2341 Scot

121 2359 145 2398 s-
174 2359 246 2398 107
270 2360 294 2396 b
406 2365 441 2403 d.
471 2364 571 2401 Edw.
604 2364 764 2413 Lyvoley
795 2363 831 2400 d.
863 2363 967 2410 Egid.
997 2364 1223 2411 Wiggynton
1256 2363 1291 2400 d.
1323 2363 1386 2399 W⁰
1415 2363 1574 2399 Gcrrard
1604 2363 1638 2400 d.
1669 2363 1726 2400 Jo.
1763 2363 1861 2401 Foxe

406 2424 442 2461 (1.
469 2424 564 2460 ΟΙὶν.
594 2423 737 2471 Philips
760 2423 795 2460 d.
823 2424 965 2459 Arturo
992 2422 1128 2469 Iluglic
1152 2422 1188 2461 d.
1215 2421 1373 2458 niem-do
1398 2422 1516 2458 swale

312 2487 335 2519 6
355 2483 443 2519 Maii
465 2482 500 2519 d.
529 2482 690 2519 Robcrto
714 2482 904 2529 Harryson
923 2481 957 2518 d.
977 2481 1034 2518 J0.
1059 2481 1186 2517 l‘ortcr
1201 2480 1236 2517 d.
1257 2480 1291 2516 N
1296 2480 1438 2516 ieholao
1457 2479 1595 2516 Monkc
1643 2482 1689 2516 23
1708 2480 1798 2517 Maii
1820 2480 1858 2518 d.

409 2541 571 2579 Robur-to
603 2540 790 2577 Cotiuford
824 2540 859 2578 d.
895 2540 1012 2578 Anth.
1045 2539 1195 2576 nomon
1229 2539 1262 2576 d.
1300 2538 1431 2584 Egidio
1464 2539 1542 2586 Cay
1574 2538 1609 2575 d.
1637 2539 1694 2575 J0.
1732 2539 1858 2587 Rugge

405 2605 453 2638 30
481 2601 569 2638 Maii
603 2600 638 2637 d.
667 2601 767 2647 Stcp.
807 2600 934 2636 Pwmo
966 2600 1000 2636 d.
1040 2599 1132 2635 ch.
1170 2598 1314 2644 Rngliot
1346 2598 1380 2634 d.
1411 2598 1469 2634 J⁰.
1502 2598 1652 2635 Wolclio
1683 2598 1719 2636 d.
1755 2599 1855 2635 Edw.

410 2661 562 2697 Rolnam
580 2660 614 2696 d.
633 2659 691 2697 J⁰.
713 2660 839 2696 Iroton
889 2661 930 2695 21
951 2658 1056 2695 Junii
1074 2657 1108 2694 d.
1131 2657 1226 2694 Hon.
1248 2657 1405 2694 Latlmm
1455 2660 1499 2695 27
1516 2657 1621 2694 Junii
1640 2657 1673 2694 d.
1695 2658 1856 2694 Robcrto

403 2719 549 2767 Corncy

310 2779 538 2817 Conceditur
570 2781 612 2815 19
639 2777 781 2826 Aprilis
808 2777 987 2823 magistro
1015 2776 1180 2813 Johanni
1210 2775 1355 2812 Northo
1385 2775 1459 2812 filio
1487 2779 1526 2812 ct
1559 2776 1684 2813 horodi
1713 2775 1855 2813 domini

407 2838 527 2875 North
545 2842 586 2873 vt
597 2837 766 2874 ntudiunn
782 2837 815 2884 vj
835 2848 1019 2873 annorum
1034 2836 1071 2872 in
1087 2835 1371 2873 humanioribus
1384 2835 1502 2872 litoris
1515 2836 1642 2872 Grecis
1655 2839 1693 2872 ot
1712 2836 1856 2873 Latinis

404 2898 564 2934 ntisticint
584 2897 616 2932 oi
638 2897 684 2933 nd
707 2895 960 2944 ἰιωηήοιιάιιιη
985 2896 1023 2932 in
1046 2895 1192 2932 artibus
1242 2894 1441 2931 Admissus
1461 2898 1483 2930 ss
1503 2894 1592 2931 Maii
1617 2895 1653 2931 in
1673 2899 1758 2942 toga
1774 2896 1854 2932 sino

404 2956 556 3004 ‹mpntio
604 2959 843 3004 presentatum
861 2967 925 3003 per
941 2954 1136 2992 dominum
1158 2953 1256 2991 Edw.
1277 2954 1424 2991 Zouohc
