2008 3216
320 143 406 186 218
901 151 1053 185 emon
1084 151 1208 184 Boon
1240 153 1269 184 Δ
1643 140 1864 197 [1568--69

904 659 1234 715 [1568—1569]

327 818 478 864 Gratie
519 819 609 862 sive
650 819 887 877 petitiones
927 834 1126 862 concesse
1161 818 1208 861 in
1242 818 1374 875 plena
1414 817 1747 875 congregatione
1788 818 1872 860 Re-

442 889 642 946 gentium
689 894 734 932 et
781 904 867 931 non
914 888 1181 946 Regentium
1229 903 1256 930 a
1301 889 1409 931 festo
1455 887 1597 938 sancti
1646 887 1874 930 Michaelis

442 959 706 1017 Archangeli
737 960 867 1002 Anno
897 959 1064 1002 domini
1096 960 1231 1001 1568ο
1262 973 1396 1015 vsque
1427 958 1542 1001 idem
1575 958 1735 1000 festum
1768 963 1874 1000 tunc

442 1029 636 1086 proxime
676 1044 861 1086 sequens
901 1029 1105 1072 Johanne
1146 1028 1333 1084 Younge
1369 1043 1487 1070 sacre
1524 1027 1743 1084 theologie
1777 1041 1873 1084 pro-

444 1099 600 1142 fessore
633 1105 740 1142 tunc
769 1098 1102 1156 procancellario
1132 1099 1337 1141 Johanne
1370 1098 1535 1154 Wellys
1567 1103 1613 1141 et
1643 1097 1874 1140 Edmundo

442 1168 642 1225 Rokerey
673 1174 719 1212 et
750 1168 973 1212 Willelmo
1006 1168 1167 1225 Lewyn
1199 1167 1552 1225 procuratoribus

327 1313 554 1350 Conceditur
580 1317 623 1351 15
651 1314 826 1352 Octobris
851 1319 894 1351 vt
918 1326 1050 1351 omnes
1074 1315 1194 1361 gratie
1218 1314 1454 1351 admittende
1478 1326 1544 1362 per
1568 1314 1764 1351 dominum
1793 1327 1876 1362 pro-

421 1374 684 1410 cancellarium
707 1374 879 1411 doctores
899 1375 1113 1422 Wightgyft
1137 1375 1290 1422 Harvye
1311 1379 1350 1410 et
1371 1375 1521 1421 Lorkyn
1545 1375 1745 1422 magistros
1762 1375 1876 1411 Chat-

421 1436 547 1469 terton
561 1437 599 1470 et
612 1433 748 1470 Clarke
761 1434 901 1481 (Clare)
914 1435 1063 1482 possint
1073 1446 1292 1471 concurrere
1303 1435 1342 1470 in
1354 1438 1518 1481 quatuor
1527 1433 1876 1481 congregationibus

422 1490 536 1527 huius
551 1492 642 1528 anni
659 1492 713 1528 sic
729 1495 772 1528 vt
788 1504 919 1528 omnes
935 1493 1175 1528 consentiant

329 1550 557 1587 Conceditur
578 1553 601 1588 9
623 1551 767 1599 Aprilis
789 1552 903 1588 Anno
928 1554 1020 1588 1568
1047 1551 1240 1588 Leonardo
1265 1552 1441 1588 Metcalfe
1466 1555 1508 1588 vt
1534 1555 1577 1587 12
1602 1551 1755 1604 termini
1777 1563 1876 1587 com-

422 1610 515 1658 pleti
532 1611 571 1647 in
588 1611 727 1658 quibus
744 1611 923 1648 lectiones
935 1611 1144 1647 ordinarias
1157 1611 1304 1647 audivit
1317 1611 1404 1647 licet
1416 1623 1491 1647 non
1505 1611 1658 1647 omnino
1670 1610 1876 1647 secundum

423 1669 584 1706 formam
601 1671 739 1707 statuti
759 1682 846 1707 cum
867 1670 1169 1718 oppositionibus
1189 1670 1495 1717 responsionibus
1517 1674 1556 1706 et
1579 1670 1664 1706 aliis
1689 1670 1877 1706 exercitiis

423 1739 491 1774 per
505 1731 653 1764 statuta
669 1728 862 1775 requisitis
886 1728 1077 1765 sufficiant
1097 1729 1132 1765 ei
1155 1728 1203 1764 ad
1224 1728 1527 1775 respondendum
1549 1728 1739 1775 questioni
1760 1728 1813 1764 sic
1836 1730 1879 1764 vt

423 1790 501 1824 stet
517 1788 556 1823 in
573 1788 744 1835 proxima
759 1787 1044 1835 quadragesima
1060 1800 1146 1824 cum
1164 1788 1300 1824 ceteris
1317 1787 1578 1834 questionistis
1595 1787 1773 1834 quoniam
1797 1787 1878 1822 sine

423 1846 527 1893 gravi
544 1847 626 1883 eius
636 1846 866 1883 detrimento
882 1847 1045 1883 alterum
1063 1858 1139 1883 non
1156 1849 1283 1893 potest
1300 1849 1498 1893 expectare
1513 1858 1656 1882 annum

330 1904 472 1941 Eadem
488 1906 611 1952 gratia
625 1906 845 1943 conceditur
861 1909 907 1942 25
924 1906 948 1942 J
951 1906 1031 1942 unii
1049 1917 1136 1942 cum
1154 1908 1177 1942 9
1195 1905 1368 1942 terminis
1386 1905 1477 1941 Tho.
1497 1905 1672 1941 Feriman

330 1963 557 2000 Conceditur
573 1967 615 2000 21
635 1964 659 2001 J
661 1964 808 2001 anuarii
825 1976 926 2000 anno
945 1966 1037 2001 1568
1051 1963 1259 2000 secundum
1271 1965 1493 2010 computum
1505 1963 1658 1999 ecclesie
1672 1963 1878 2009 Anglicane

425 2022 576 2059 Olivero
594 2023 739 2071 Philips
755 2027 798 2060 vt
814 2023 919 2071 xij0¹¹¹=
937 2023 1090 2059 termini
1109 2023 1148 2059 in
1165 2022 1305 2070 quibus
1317 2022 1497 2058 lectiones
1511 2021 1718 2057 ordinarius
1731 2021 1878 2058 audivit

423 2081 513 2118 licet
534 2094 610 2118 non
633 2082 787 2118 omnino
809 2081 1017 2118 secundum
1041 2082 1199 2118 formam
1225 2081 1363 2117 statuti
1387 2093 1473 2117 cum
1499 2080 1801 2127 oppositionibus
1823 2092 1878 2116 re-

426 2140 693 2187 sponsionibus
709 2144 749 2177 et
770 2140 855 2176 aliis
878 2140 1067 2176 exercitiis
1090 2151 1156 2187 per
1178 2142 1326 2175 statuta
1349 2139 1542 2186 requisitis
1564 2139 1754 2175 sufficiant
1775 2129 1809 2175 e'i
1831 2138 1878 2175 ad

425 2198 729 2247 respondendum
746 2198 935 2245 questioni

331 2257 472 2295 Eadem
489 2257 611 2305 gratia
626 2257 844 2295 conceditur
860 2257 989 2294 eodem
1007 2257 1029 2294 J
1033 2269 1064 2294 o.
1080 2256 1334 2293 Waterhowse
1347 2256 1409 2292 W⁰
1426 2255 1567 2292 Gerard
1588 2256 1681 2291 Hen.
1698 2255 1878 2303 Wylkyn-

425 2328 492 2353 son
525 2317 584 2353 Jo.
620 2317 751 2353 Portet·
783 2316 916 2364 Egidio
949 2316 1188 2364 Wyggyuton
1224 2315 1325 2352 Edw.
1363 2315 1522 2363 Lyveley
1559 2314 1717 2351 Ricardo
1756 2314 1878 2362 Byrde

427 2376 593 2413 Mar-tino
623 2375 764 2413 Nelson
794 2375 885 2412 Tho.
920 2375 1067 2412 Adams
1099 2375 1192 2411 Tho.
1228 2375 1357 2411 Scotto
1391 2374 1533 2410 Arturo
1567 2373 1680 2409 Hewe
1713 2373 1736 2409 J
1739 2373 1878 2409 ohanni

427 2434 583 2471 Hobson
606 2434 698 2472 Tho.
723 2434 966 2482 Skevyngton
991 2434 1088 2471 Heu.
1115 2434 1262 2470 Bennet
1284 2433 1375 2471 Tho.
1402 2433 1588 2469 Patensou
1614 2432 1704 2469 Rob.
1730 2432 1879 2479 Wright

426 2505 511 2530 cum
530 2493 693 2530 termino
710 2493 749 2530 in
766 2505 842 2541 quo

331 2551 474 2589 Eadem
494 2552 617 2599 gratia
636 2550 856 2588 conceditur
875 2554 921 2587 28
941 2551 1112 2587 Januarii
1139 2550 1320 2587 Nicholao
1349 2550 1482 2586 Foster
1509 2549 1615 2586 Edm.
1648 2550 1790 2597 Swyste
1815 2549 1878 2586 Jo-

426 2611 542 2648 hanni
568 2611 696 2648 Pratte
721 2610 979 2659 Th0.'ryp10r
1003 2609 1162 2647 Ricardo
1187 2610 1290 2646 Allet
1318 2610 1375 2646 Jo.
1403 2609 1537 2657 Modye
1566 2609 1742 2645 Christos.
1776 2609 1880 2646 Dove

427 2670 536 2708 Petro
553 2670 706 2707 Gouneu
731 2670 872 2717 Rogero
891 2669 1027 2706 Welles
1052 2669 1151 2706 Edw.
1174 2669 1368 2716 Dowghtic
1390 2669 1493 2705 Isaac
1513 2669 1634 2716 Vosay
1652 2668 1709 2704 J0.
1730 2668 1878 2705 Duffeld

428 2728 518 2766 nob.
545 2727 740 2765 Cotensord
765 2728 822 2765 Jo.
853 2728 1053 2775 Furmaryc
1078 2727 1135 2764 Jo.
1164 2726 1346 2764 Mcdculfo
1371 2727 1428 2763 Jo.
1459 2727 1599 2763 Yroton
1628 2726 1719 2764 Rob.
1747 2726 1878 2763 Ebden

424 2787 516 2824 Tho.
535 2787 569 2823 N
574 2787 676 2823 olson
694 2786 752 2824 Jo.
772 2786 924 2823 Welche
944 2786 1034 2823 Rob.
1055 2786 1257 2834 Atkynson
1278 2784 1470 2821 Hurbarto
1490 2784 1699 2821 Blanchard
1719 2785 1879 2821 Ricardo

422 2845 614 2894 Topclyfl'e
653 2846 760 2884 Geor.
805 2845 930 2882 nowen
969 2844 1156 2881 willelmo
1198 2845 1386 2881 Laurence
1430 2844 1586 2881 Ricardo
1625 2844 1785 2891 Spcnloy
1818 2844 1876 2881 J0.
