2008 3294
398 234 483 275 402
981 242 1134 273 GRAcE
1165 241 1290 273 BooK
1322 240 1352 272 Δ
1731 229 1952 285 [1585-86

893 561 1143 604 Praeticans
1173 561 1218 604 in
1251 560 1468 604 medicina

402 688 630 724 Conceditur
647 690 692 724 29
710 687 853 734 Aprilis
871 687 1051 733 magistro
1070 685 1230 722 Ricardo
1248 686 1475 732 Remington
1493 688 1535 722 vt
1551 686 1719 722 studium
1738 687 1758 723 7
1772 697 1956 730 annorum

496 747 535 783 in
559 747 745 783 medicina
767 751 971 794 postquam
994 746 1132 782 rexerit
1152 746 1191 782 in
1213 746 1361 782 artibus
1377 746 1540 782 sufficiat
1556 746 1590 782 ei
1607 745 1654 782 ad
1671 744 1955 793 practicandum

498 807 536 842 in
566 806 696 843 eadem
726 807 780 842 sic
806 810 848 842 vt
876 806 958 842 eius
986 805 1150 842 eruditio
1178 806 1284 853 prius
1313 807 1549 842 examinetur
1571 809 1611 842 et
1635 805 1863 853 approbetur
1890 817 1958 853 per

495 864 667 900 doctores
691 864 842 911 Lorkyn
865 867 905 900 et
929 864 1061 900 Peerse
1083 867 1123 899 et
1146 875 1214 911 per
1229 875 1347 899 vnum
1372 874 1502 899 eorum
1523 865 1763 910 presentetur
1784 862 1823 898 in
1846 862 1956 910 plena

497 924 781 970 congregatione
806 924 1030 970 Regentium
1051 927 1090 959 et
1110 935 1186 959 non
1209 923 1435 970 Regentium
1452 927 1491 959 et
1508 934 1621 970 super
1635 922 1705 958 hac
1721 922 1957 958 concessione

496 987 623 1019 vestra
648 983 778 1020 literas
804 983 942 1019 habeat
966 983 1150 1030 sigillatas
1175 983 1297 1030 sigillo
1322 986 1448 1019 vestro
1472 983 1662 1019 communi
1720 982 1832 1018 Mem.
1857 981 1957 1029 quod

496 1044 596 1081 idem
619 1048 859 1092 presentatus
881 1045 956 1081 fuit
978 1057 1045 1092 per
1065 1044 1257 1081 doctorem
1284 1045 1417 1080 Pearse
1441 1043 1507 1080 sed
1532 1044 1623 1091 quia
1648 1043 1779 1080 doctor
1805 1043 1954 1091 Lorkyn

496 1103 619 1140 noluit
635 1103 869 1140 subscribere
886 1116 953 1140 sue
969 1104 1090 1151 gratie
1106 1116 1182 1140 nou
1198 1102 1334 1140 habuit
1350 1103 1480 1140 literas
1495 1103 1768 1140 testimoniales

1050 1434 1318 1491 Incorporati

401 1564 440 1596 6⁰
455 1560 548 1596 Julii
573 1559 680 1596 Edm.
701 1560 825 1606 Snape
842 1559 899 1595 W.
919 1559 955 1595 N
959 1562 1021 1595 utt
1045 1559 1137 1595 Milo
1160 1559 1320 1606 Smythe
1336 1559 1395 1596 Jo.
1416 1560 1550 1607 Pirryn
1575 1559 1652 1595 Ric.
1673 1559 1750 1595 Cox
1770 1560 1825 1596 W.
1846 1559 1952 1596 Hub-
1972 1603 1974 1605 Ι

495 1619 610 1656 bocke
634 1621 674 1655 et
699 1618 789 1655 Tho.
815 1618 929 1655 Veale
953 1617 1088 1655 Oxonii
1114 1618 1152 1654 in
1177 1617 1325 1654 artibus
1349 1618 1519 1666 magistri
1545 1621 1636 1655 sunt
1661 1618 1887 1666 incorporati
1914 1619 1953 1655 in

495 1679 566 1715 hac
588 1678 780 1715 academia
804 1689 871 1725 per
894 1678 1055 1724 gratiam

771 1983 936 2026 Gratiae
967 1998 1051 2026 non
1085 1992 1397 2027 concernentes
1427 1986 1589 2042 gradus

400 2109 629 2146 Conceditur
652 2112 698 2146 26
723 2107 949 2144 Novembris
971 2108 1063 2145 Tho.
1084 2108 1267 2156 Lovering
1290 2109 1328 2146 in
1351 2110 1498 2147 artibus
1520 2111 1699 2158 magistro
1722 2115 1764 2148 vt
1785 2112 1837 2148 sit
1859 2125 1956 2149 vnus

494 2182 537 2205 ex
565 2171 608 2204 12
631 2166 928 2215 predicatoribus
945 2166 1014 2203 hoc
1031 2178 1131 2203 anno
1148 2179 1215 2214 per
1230 2167 1462 2204 academiam
1479 2169 1700 2206 emittendis
1715 2170 1769 2206 sie
1785 2173 1827 2206 vt
1843 2182 1956 2218 super

495 2227 564 2263 liae
594 2228 720 2263 vestra
748 2225 984 2262 concessione
1014 2225 1143 2262 literas
1172 2225 1310 2262 habeat
1338 2226 1523 2274 sigillatas
1551 2227 1674 2274 sigillo
1704 2231 1828 2265 vestro
1855 2241 1952 2266 com-

496 2286 601 2322 muni
664 2284 805 2322 Eadem
826 2285 949 2331 gratia
965 2284 1184 2322 conceditur
1205 2284 1335 2322 eodem
1358 2286 1538 2333 magistro
1561 2287 1672 2323 Moisi
1696 2287 1838 2325 Fowler
1853 2300 1956 2326 sacre

496 2345 681 2392 theologie
709 2343 978 2381 bacchalaureo
1040 2346 1082 2380 21
1110 2344 1283 2380 «Ianuarii
1310 2344 1368 2381 Jo.
1395 2344 1514 2391 Jegon
1542 2344 1605 2381 W⁰
1630 2345 1825 2383 Lawrence
1853 2358 1957 2384 sacre

497 2404 681 2451 theologie
722 2402 1002 2440 bacchaleureis
1041 2406 1081 2440 et
1115 2403 1302 2440 Clementi
1345 2403 1480 2451 Smyth
1519 2403 1559 2439 in
1595 2403 1741 2441 artibus
1777 2406 1956 2453 magistro

499 2467 559 2500 12⁰
599 2462 792 2499 Februarii
837 2460 1000 2498 Roberto
1041 2460 1276 2497 Williamson
1318 2473 1423 2498 sacre
1464 2461 1648 2509 theologie
1691 2462 1956 2503 bacehalaureo

496 2526 534 2560 3⁰
562 2522 668 2559 Junii
702 2521 760 2558 Jo.
790 2520 931 2557 Barnea
959 2520 1017 2557 ἆυ.
1051 2519 1159 2556 Dodd
1194 2521 1231 2557 in
1262 2520 1408 2558 artibus
1438 2521 1629 2568 magistris
1690 2525 1712 2558 6
1739 2522 1832 2560 Julii
1863 2524 1956 2563 Tho.

497 2581 642 2618 Wilnba
665 2580 723 2616 Jo.
750 2579 880 2616 James
903 2582 943 2616 et
970 2579 1024 2616 Ri.
1054 2579 1177 2616 Motte
1200 2591 1304 2616 sacre
1330 2580 1514 2627 theologie
1539 2579 1816 2619 bacchalaureis

400 2641 668 2679 conceduntur
692 2642 738 2676 26
764 2637 990 2675 Novembris
1015 2638 1122 2675 litere
1144 2638 1418 2676 testimoniales
1441 2639 1579 2687 gradus
1601 2643 1640 2677 et
1662 2643 1955 2680 conversationis

496 2699 675 2747 magistro
702 2697 866 2734 Henrieo
893 2696 1086 2745 Hawkyns
1144 2696 1286 2734 Eodem

404 2761 472 2797 Pro
496 2757 704 2806 incepturis
761 2756 858 2793 Cum
882 2755 957 2793 duo
976 2755 1058 2793 dies
1075 2756 1113 2793 in
1131 2755 1301 2804 qualibet
1317 2756 1530 2805 septimana
1548 2757 1617 2795 hoe
1634 2770 1732 2795 anno
1750 2758 1955 2808 incepturis

495 2830 568 2855 non
592 2816 786 2854 sufficiunt
809 2827 875 2863 pro
897 2827 1025 2852 eorum
1051 2815 1150 2853 inter
1165 2828 1206 2853 se
1222 2815 1547 2865 disputacionibus
1563 2822 1602 2855 et
1618 2817 1955 2857 declamationibus

495 2877 617 2925 placet
644 2874 749 2912 vobin
778 2878 819 2911 vt
846 2878 970 2911 vestra
998 2874 1225 2912 auctoritate
1253 2878 1293 2912 et
1319 2875 1470 2913 lieentia
1499 2876 1646 2923 possint
1671 2876 1794 2914 tribus
1821 2878 1954 2916 diebus

493 2937 531 2973 in
565 2933 734 2983 qualibet
767 2933 979 2982 septimana
1011 2933 1059 2970 ad
1092 2934 1385 2983 assignationem
1419 2933 1563 2972 domini
1602 2936 1879 2984 proeanoellarii
1914 2942 1951 2976 et
