2002 3236
298 185 355 226 32
881 195 1032 227 GRAcE
1065 196 1186 229 BOOK
1220 195 1249 226 Δ
1626 185 1847 242 [1545-46

392 296 532 333 Barker
555 297 640 333 aule
670 297 836 344 Gunvyll
865 300 904 333 et
933 296 1058 333 Cooke
1089 297 1269 333 admissio
1295 301 1372 334 stet
1403 310 1471 346 pro
1503 298 1699 345 completis
1730 296 1849 344 gradu

390 358 429 391 et
463 355 584 392 forma
617 357 796 403 quoniam
832 357 1041 404 proximam
1074 355 1429 394 determinationem
1469 357 1551 394 sine
1583 357 1747 394 maximo
1779 368 1848 392 suo

389 414 586 461 dispendio
609 418 805 462 expectem
829 427 905 451 non
931 419 1058 462 potest

297 474 395 509 Item
418 474 635 510 conceditur
655 474 679 510 J
682 475 795 510 oanni
812 474 1034 522 Wakefylde
1051 475 1126 520 (cui
1151 475 1332 521 superiori
1354 487 1454 511 anno
1473 487 1688 511 concessum
1710 475 1784 511 fuit
1807 478 1849 510 vt

389 535 476 579 post
507 533 762 580 oppositiones
794 537 833 570 et
866 534 1124 580 responsiones
1153 546 1227 580 que
1256 534 1295 570 in
1331 537 1375 570 12
1406 535 1580 571 terminis
1611 534 1849 581 requirentur

389 595 518 638 posset
538 592 762 639 respondere
778 592 983 639 questioni)
1000 593 1100 639 quod
1118 593 1199 628 eius
1222 593 1400 630 admissio
1417 596 1493 630 stet
1514 594 1547 630 ei
1568 605 1636 641 pro
1652 593 1849 640 completis

389 650 507 697 gradu
536 654 574 686 et
602 651 722 687 forma
750 650 1083 687 bacchalaureatus
1111 651 1151 686 in
1180 650 1328 687 artibus
1359 652 1538 698 quoniam
1571 655 1724 699 propter
1755 651 1847 698 egri-

390 709 563 746 tudinem
580 721 656 756 qua
680 708 877 746 laborabat
900 709 940 745 in
964 709 1251 756 quadragesima
1273 709 1523 746 determinem
1546 722 1619 746 non
1644 711 1771 757 potuit
1795 710 1850 745 ita

389 768 490 815 quod
518 768 599 804 eius
631 768 793 805 eruditio
821 769 928 816 prius
955 769 1192 805 examinetur
1221 772 1260 805 et
1291 769 1521 816 approbetur
1553 782 1619 817 per
1650 770 1850 816 magistros

391 826 631 874 Pylkyngton
655 828 695 862 et
720 826 907 863 Grenwall

296 885 618 921 Determinatores
649 885 793 932 collegii
826 886 976 933 Regalis
1012 886 1082 922 hoc
1117 898 1216 923 anno
1248 886 1390 923 domini
1423 887 1627 927 Glascocke
1660 888 1781 925 Webb
1810 892 1849 925 et

391 944 562 992 Manfyld

846 1130 1156 1174 Bacchalaurei
1181 1131 1296 1188 juris

296 1238 342 1274 In
365 1238 498 1285 primis
514 1237 731 1275 conceditur
747 1238 936 1275 Willelmo
959 1239 1166 1276 Chambers
1184 1244 1226 1276 vt
1248 1243 1394 1287 septem
1410 1251 1595 1276 annorum
1616 1239 1786 1276 studium
1809 1240 1848 1276 in

390 1297 471 1333 iure
486 1297 590 1333 ciuili
606 1297 646 1333 in
663 1297 734 1334 hac
750 1298 999 1335 vniuersitate
1015 1299 1178 1335 sufficiat
1193 1300 1227 1336 ei
1244 1299 1291 1336 ad
1309 1299 1530 1335 intrandum
1546 1299 1586 1335 in
1602 1299 1731 1335 eodem
1745 1299 1831 1346 jure

296 1356 394 1392 Item
419 1355 638 1392 conceditur
666 1357 850 1393 Nicholao
879 1357 1015 1394 Stokes
1039 1362 1082 1394 vt
1114 1361 1260 1405 septem
1289 1369 1474 1394 annorum
1501 1357 1671 1394 studium
1700 1358 1739 1394 in
1763 1357 1850 1405 jure

389 1415 492 1451 ciuili
510 1415 549 1452 in
567 1415 637 1451 hac
655 1415 901 1453 vniuersitate
918 1417 1081 1454 sufficiat
1097 1418 1131 1454 ei
1148 1417 1196 1454 ad
1213 1417 1433 1454 intrandum
1450 1417 1490 1453 in
1506 1416 1635 1454 eodem
1648 1416 1734 1464 jure

135 1682 161 1720 f,
188 1682 277 1720 141,
833 1662 1035 1720 Magistri
1065 1662 1111 1705 in
1141 1662 1311 1706 artibus

296 1772 341 1809 In
366 1773 499 1820 primis
521 1772 738 1810 conceditur
759 1772 913 1809 domino
929 1772 1066 1820 Tayler
1090 1775 1132 1809 vt
1155 1784 1290 1809 novem
1314 1772 1467 1809 termini
1489 1776 1576 1820 post
1597 1774 1746 1811 finalem
1768 1774 1850 1812 eius

388 1831 742 1869 determinationem
775 1831 815 1867 in
851 1830 991 1878 quibus
1022 1830 1201 1867 lectiones
1234 1831 1442 1868 ordinarias
1473 1831 1622 1868 audiuit
1654 1832 1742 1870 licet
1773 1846 1848 1870 non

388 1891 542 1927 omnino
565 1889 774 1927 secundum
802 1890 963 1926 formam
992 1890 1129 1927 statuti
1163 1902 1251 1927 cum
1284 1890 1408 1927 tribus
1435 1891 1740 1938 responsionibus
1772 1894 1848 1930 suf-

388 1951 518 1987 ficiant
545 1950 580 1987 ei
608 1950 657 1986 ad
686 1949 944 1997 incipiendum
973 1949 1014 1986 in
1046 1949 1194 1986 artibus
1226 1950 1281 1986 sic
1314 1952 1357 1986 vt
1382 1950 1464 1987 eius
1497 1950 1676 1988 admissio
1708 1955 1785 1989 stet
1813 1954 1847 1989 ei

388 2021 456 2056 pro
480 2008 678 2056 completis
705 2007 824 2054 gradu
849 2010 889 2044 et
916 2007 1038 2044 forma
1069 2007 1250 2055 quoniam
1283 2007 1331 2044 ad
1364 2008 1491 2045 aulam
1520 2009 1596 2046 iam
1630 2015 1784 2047 vocatus
1809 2015 1849 2048 et

390 2068 502 2116 Regis
524 2067 734 2104 maiestatis
755 2067 897 2104 familie
920 2079 943 2103 a
969 2067 1201 2103 confessione
1222 2067 1299 2104 iam
1322 2068 1537 2115 assignatus
1558 2069 1727 2115 proxima
1748 2081 1847 2106 com·

388 2127 498 2164 mitia
521 2127 603 2163 sine
636 2138 772 2173 magno
801 2138 870 2163 suo
891 2125 1088 2173 dispendio
1119 2129 1314 2174 expectare
1347 2139 1422 2164 non
1451 2130 1577 2175 potest
1602 2132 1644 2165 vt
1672 2130 1848 2167 conviuet

391 2190 519 2223 tamen
544 2189 583 2222 et
607 2188 732 2222 cetera
756 2184 884 2221 omnia
907 2184 955 2221 ad
986 2184 1087 2221 hunc
1110 2184 1268 2232 gradum
1293 2186 1505 2233 spectantia
1528 2185 1733 2234 adimpleat
1761 2200 1847 2225 cum

389 2246 524 2283 ceteris
548 2245 662 2282 huius
686 2244 776 2281 anni
801 2242 1165 2280 commensatoribus

297 2306 394 2342 Item
411 2304 629 2341 conceditur
643 2303 797 2341 domino
815 2303 951 2351 Myche
967 2307 1009 2339 vt
1027 2305 1049 2340 9
1074 2303 1226 2340 termini
1250 2307 1336 2351 post
1359 2303 1506 2341 finalem
1523 2305 1604 2341 eius
1623 2304 1847 2343 determina—

388 2364 530 2400 tionem
548 2363 587 2399 in
603 2362 742 2411 quibus
764 2362 943 2399 lectiones
967 2361 1175 2399 ordinarias
1191 2361 1341 2399 audiuit
1363 2374 1429 2410 per
1446 2364 1623 2400 maiorem
1640 2368 1786 2412 partem
1807 2366 1846 2402 in

387 2427 469 2459 toto
485 2434 570 2459 cum
588 2421 712 2460 tribus
728 2420 1034 2469 responsionibus
1050 2420 1240 2458 sufficiant
1257 2421 1290 2458 ei
1307 2421 1355 2459 ad
1373 2422 1627 2470 incipiendum
1645 2423 1684 2459 in
1700 2423 1847 2461 artibus

295 2482 435 2519 Eadem
459 2481 581 2529 gratia
602 2480 649 2518 de
671 2480 785 2518 verbo
810 2481 848 2517 in
875 2479 1030 2517 verbum
1056 2480 1274 2517 conceditur
1297 2480 1460 2518 dominis
1487 2481 1670 2529 Patrycke
1697 2482 1846 2531 Parkyn

389 2539 631 2588 Rychardson
651 2538 820 2576 Redman
838 2538 1009 2585 Gogman
1027 2537 1184 2574 Watson
1201 2541 1240 2574 et
1257 2537 1411 2586 Gybson

296 2599 394 2636 Item
410 2597 628 2636 conceditur
643 2597 781 2635 Joanni
800 2597 893 2634 Dale
910 2601 952 2634 vt
974 2608 1107 2634 novem
1125 2597 1277 2634 termini
1294 2596 1470 2646 completi
1492 2601 1579 2646 post
1594 2598 1676 2635 eius
1696 2599 1846 2637 finalem

387 2656 740 2694 determinationem
773 2656 812 2693 in
844 2654 984 2704 quibus
1017 2655 1195 2692 lectiones
1224 2654 1433 2693 ordinarias
1464 2655 1614 2693 audiuit
1649 2656 1737 2694 licet
1769 2670 1845 2695 non

387 2716 540 2754 omnino
567 2714 775 2753 secundum
803 2714 962 2753 {ormam
988 2714 1126 2752 statuti
1159 2725 1246 2763 cum
1279 2713 1403 2751 tribus
1435 2714 1742 2763 responsionibus
1768 2717 1845 2754 suf-

388 2776 518 2813 ficiant
540 2775 575 2813 ei
599 2774 648 2812 ad
675 2773 931 2823 incipiendum
956 2774 996 2811 in
1020 2772 1169 2811 artibus

295 2835 435 2873 Eadem
453 2834 574 2882 gratia
590 2833 637 2871 de
653 2832 767 2871 verbo
785 2833 822 2870 in
841 2832 998 2871 verbum
1014 2832 1233 2871 conceditur
1253 2831 1418 2869 dominis
1441 2831 1625 2870 Edwardo
1643 2832 1845 2884 Thwaytes

387 2896 428 2932 et
449 2892 637 2931 willelmo
661 2892 800 2941 Rogar-
