2002 3236
213 155 432 212 1544-45]
795 168 946 200 onies
976 167 1100 200 Boon
1131 169 1161 199 Δ
1707 159 1758 200 21

815 508 1144 565 [1544—1545]

208 648 360 691 Gratie
399 663 596 691 concesse
637 648 680 690 in
723 648 854 705 plena
892 648 1226 706 congregatione
1266 648 1534 707 Regentium
1582 654 1627 692 et
1668 664 1754 692 non
1773 658 1798 698 f,
1823 657 1886 696 9b

326 718 590 775 Regentium
623 733 650 760 a
677 718 786 761 festo
812 718 950 761 sancti
974 718 1201 762 Michaelis
1220 718 1485 776 Archangeli
1506 734 1620 762 anno
1643 721 1757 763 1544

326 802 458 844 vsque
485 787 540 830 ad
574 787 688 830 idem
718 788 878 831 festum
905 794 1066 831 extunc
1096 788 1292 846 proxime
1321 803 1507 846 sequens
1573 788 1757 832 doctori-

324 857 406 900 bus
427 857 611 914 Smythe
633 864 679 900 et
701 857 863 900 Parker
883 858 1245 901 vicecancellariis
1281 864 1327 901 et
1348 858 1568 915 magistris
1587 858 1759 902 Joanne

324 927 499 983 Rayner
527 934 572 970 et
603 926 810 983 Gregorio
841 927 1009 970 Barker
1038 927 1391 984 procuratoribus

210 1029 255 1065 In
281 1028 412 1076 primis
436 1028 654 1066 conceditur
678 1032 720 1065 vt
737 1040 868 1065 omnes
892 1029 1013 1076 gratie
1038 1028 1274 1066 admittendo
1294 1032 1334 1066 et
1355 1030 1589 1067 concedende
1610 1043 1676 1079 per
1694 1032 1757 1069 do-

301 1088 446 1125 minum
471 1088 814 1125 vicecancellarium
838 1088 1010 1124 doctores
1034 1088 1134 1136 Glyn
1158 1093 1198 1125 et
1223 1088 1418 1137 Busbye...

691 1268 997 1312 Bacchalaurei
1029 1268 1075 1311 in
1105 1268 1275 1312 artibus

208 1385 255 1422 In
271 1386 404 1433 primis
419 1387 636 1424 conceditur
653 1387 840 1423 willelmo
857 1386 1052 1434 Goldynge
1068 1390 1111 1422 vt
1130 1390 1173 1423 12
1190 1387 1343 1424 termini
1360 1388 1399 1424 in
1419 1388 1559 1436 quibus
1579 1389 1758 1427 lectiones

300 1445 507 1483 ordinarias
530 1446 678 1482 audiuit
704 1457 770 1493 per
796 1445 974 1482 maiorem
999 1449 1146 1492 partem
1174 1445 1213 1480 in
1239 1450 1320 1481 toto
1346 1458 1432 1482 cum
1458 1448 1758 1494 oppositionibus

299 1508 338 1540 et
354 1503 659 1551 responsionibus
680 1504 872 1551 requisitis
888 1503 1077 1540 sufficiant
1092 1504 1125 1539 ei
1149 1503 1197 1539 ad
1223 1504 1524 1551 respondendum
1541 1508 1732 1553 questioni

206 1562 348 1600 Eadem
360 1563 482 1610 gratia
497 1563 544 1600 de
563 1562 675 1600 verbo
693 1564 732 1599 in
750 1563 907 1600 verbum
925 1563 1143 1599 conceditur
1159 1562 1324 1599 Roberto
1338 1564 1428 1600 Man
1446 1564 1590 1603 Thome
1607 1567 1759 1606 Nuttall

300 1622 464 1658 Roberto
480 1622 671 1658 Assheton
687 1626 726 1658 et
743 1622 936 1669 Stephano
954 1621 1158 1670 Nevynson

209 1681 307 1717 Item
323 1681 542 1717 conceditur
559 1681 746 1717 Gulielmo
760 1681 895 1728 Tayler
911 1684 954 1717 vt
970 1680 1097 1716 decem
1115 1682 1267 1717 termini
1285 1693 1371 1718 cum
1387 1683 1482 1720 eoin
1495 1695 1571 1731 quo
1583 1685 1758 1725 determi-

301 1744 460 1777 naturus
476 1744 535 1776 est
547 1741 586 1776 in
599 1739 738 1787 quibus
754 1740 933 1776 lectiones
945 1740 1154 1776 ordinarias
1169 1740 1319 1777 audiuit
1335 1753 1403 1789 per
1419 1744 1598 1781 maionem
1611 1751 1758 1793 partem

300 1800 340 1835 in
357 1802 438 1835 toto
455 1811 540 1835 cum
558 1798 860 1846 oppositionibus
876 1803 915 1835 et
932 1798 1238 1846 responsionibus
1261 1801 1454 1847 requisitis
1476 1803 1666 1842 sufficiant
1685 1806 1758 1843 sibi

299 1857 347 1894 ad
371 1858 671 1906 respondendum
695 1859 883 1905 questioni

206 1918 306 1954 Item
338 1917 554 1954 conceditur
588 1917 752 1954 Henrico
787 1917 974 1964 Dylcocke
1007 1921 1048 1954 vt
1085 1921 1128 1954 12
1161 1918 1314 1954 termini
1347 1921 1524 1967 completi
1551 1922 1591 1958 in
1617 1924 1758 1971 quibus

299 1977 477 2013 lectiones
500 1976 708 2012 ordinarias
731 1976 879 2012 audiuit
903 1988 971 2023 per
992 1977 1172 2012 maiorem
1197 1980 1344 2024 partem
1366 1979 1406 2014 in
1432 1983 1513 2016 toto
1532 1993 1619 2018 cum
1643 1995 1756 2031 oppo-

298 2035 499 2072 sitionibus
515 2039 555 2071 et
571 2034 875 2082 responsionibus
896 2035 1090 2081 requisitis
1110 2036 1300 2072 sufficiant
1321 2038 1356 2073 ei
1380 2038 1429 2074 ad
1454 2041 1756 2087 respondendum

297 2094 485 2141 questioni

206 2153 347 2190 Eadem
369 2153 490 2200 gratia
506 2153 552 2189 de
568 2152 682 2189 verbo
698 2153 738 2188 iu
763 2153 918 2189 verbum
935 2153 1153 2190 conceditur
1170 2154 1356 2191 Richurdo
1373 2156 1595 2204 Longhorne
1611 2161 1753 2198 'rhome

299 2212 438 2249 Gaates
474 2212 498 2248 J
501 2212 613 2248 oanni
653 2212 784 2248 Freere
817 2212 1005 2248 Gulielmo
1045 2212 1194 2260 Sandye
1227 2213 1251 2249 J
1254 2215 1366 2250 oanni
1408 2216 1510 2252 Tode
1552 2218 1753 2257 Lanceloto

297 2271 469 2307 Thexton

205 2331 304 2367 Item
323 2330 540 2367 conceditur
559 2330 742 2366 Edwardo
765 2330 894 2377 Rydge
919 2334 961 2366 vt
990 2333 1031 2366 12
1054 2331 1206 2367 termini
1230 2332 1269 2367 in
1291 2332 1430 2379 quibus
1454 2333 1632 2372 lectiones
1656 2338 1752 2375 ordi-

297 2391 422 2427 narias
438 2389 586 2426 audiuit
607 2389 695 2425 licet
712 2401 787 2425 non
804 2390 958 2425 omnino
974 2390 1179 2427 secundum
1197 2391 1357 2428 formam
1376 2395 1513 2430 statuti
1536 2407 1622 2432 cum
1639 2409 1752 2445 oppo-

297 2449 498 2486 sitionibus
519 2452 559 2485 et
581 2447 884 2496 responsionibus
906 2449 1098 2495 requisitis
1121 2450 1310 2486 sufficiant
1325 2451 1359 2487 ei
1379 2451 1427 2488 ad
1451 2454 1752 2500 respondendum

297 2508 485 2556 questioni
518 2511 557 2543 et
584 2506 632 2543 ad
666 2507 828 2543 finaliter
859 2507 1188 2544 determinandum
1225 2520 1313 2545 cum
1348 2511 1482 2547 ceteris
1517 2512 1630 2550 huius
1661 2516 1752 2552 anni

297 2566 653 2603 determinatoribus
679 2566 734 2602 ita
759 2566 861 2614 quod
889 2567 971 2602 eius
997 2566 1159 2603 eruditio
1183 2571 1222 2603 et
1251 2579 1372 2604 mores
1403 2570 1660 2618 approbentur
1687 2586 1754 2621 per

296 2626 527 2673 oppositores
551 2625 664 2661 huius
688 2626 778 2661 anni

167 2730 183 2738 ⁴
204 2684 346 2720 Eadem
371 2685 492 2731 gratia
516 2683 563 2720 de
588 2683 700 2720 verbo
725 2684 764 2719 in
790 2683 947 2720 verbum
973 2684 1190 2721 conceditur
1218 2686 1383 2722 Henrico
1408 2687 1644 2736 Hambylton

206 2744 305 2780 Item
320 2743 536 2780 conceditur
553 2743 745 2790 Stephano
762 2743 965 2790 Nevynson
983 2746 1025 2779 vt
1036 2745 1158 2790 gratia
1170 2756 1285 2790 quam
1295 2746 1330 2781 ei
1340 2748 1577 2784 concessistis
1589 2751 1752 2789 sufficiat

297 2802 332 2836 ei
349 2801 396 2837 ad
413 2801 712 2848 respondendum
729 2802 917 2848 questioni
934 2802 1113 2848 quoniam
1131 2806 1213 2838 tum
1231 2803 1361 2838 adesse
1377 2805 1482 2840 nullo
1499 2807 1610 2843 modo
1627 2810 1753 2854 potuit

298 2861 351 2896 sic
368 2865 410 2896 vt
426 2861 507 2895 eius
527 2860 707 2896 admissio
722 2863 799 2895 stet
821 2871 888 2907 pro
908 2860 1094 2907 completo
1113 2861 1232 2907 gradu
1251 2866 1290 2898 et
1316 2863 1419 2899 finali
1438 2864 1753 2904 determinatione
