2002 3236
208 147 428 204 1546-47]
790 156 944 190 ossen
977 156 1098 188 soox
1131 155 1162 187 Δ
1699 144 1756 186 39

812 378 1141 437 [1546—15471

206 497 356 540 Gratie
390 497 484 540 siue
525 496 765 555 peticiones
799 510 998 538 concesse
1039 495 1085 537 in
1126 494 1256 551 plena
1294 493 1630 551 congregacione
1671 493 1754 536 Re-
1771 487 1795 529 f·
1822 488 1869 528 17
1883 502 1909 526 a

321 567 520 624 gentium
547 572 592 610 et
620 581 706 609 non
733 565 999 623 Regentium
1021 582 1046 607 a
1068 565 1178 607 festo
1198 564 1338 607 sancti
1369 563 1595 607 Michaelis
1615 562 1754 606 Arch-

322 637 467 695 angeli
488 637 618 680 Anno
641 638 772 680 15460
794 651 926 694 vsque
947 636 999 678 ad
1023 634 1155 678 iidem
1178 635 1338 678 festum
1360 649 1412 677 ex
1434 640 1541 678 tunc
1561 634 1756 692 proxime

321 722 505 764 sequens
531 706 706 750 doctore
735 705 929 749 Madewe
954 712 1061 748 tunc
1088 704 1435 748 vicecancellario
1463 710 1508 748 et
1537 704 1755 761 magistris

325 777 542 820 willelmo
565 777 731 819 Barker
751 782 797 819 et
819 776 996 818 Andrea
1018 775 1155 818 Peme
1177 774 1530 832 procuratoribus

206 894 251 930 In
274 893 408 942 primis
429 893 646 930 conceditur
668 896 710 929 vt
732 904 862 929 omnes
886 892 1006 938 gratie
1027 890 1191 927 admisse
1213 894 1252 927 et
1273 901 1446 926 concesse
1470 901 1537 937 per
1560 890 1756 928 dominum

299 953 642 990 vicecancellarium
663 953 835 989 doctores
859 950 1008 998 Busbye
1032 955 1072 986 et
1097 950 1235 998 Blythe
1257 953 1296 986 et
1319 950 1520 996 magistros
1544 949 1697 997 Msptyt
1718 955 1757 986 et

300 1013 531 1060 Dyckynson
566 1012 713 1059 possint
744 1022 962 1048 concurrere
995 1011 1033 1046 in
1066 1014 1231 1057 quatuor
1262 1009 1613 1056 congregationibus
1646 1010 1758 1046 istius

300 1074 389 1109 anni
442 1072 503 1109 Ita
526 1071 627 1118 quod
651 1072 789 1118 singuli
814 1071 948 1108 horum
974 1071 1142 1117 quinque
1165 1070 1395 1106 vnanimiter
1419 1070 1658 1107 consentiant

693 1332 1000 1376 Bacchalaurei
1031 1332 1075 1375 in
1106 1331 1276 1374 artibus

209 1448 254 1484 In
277 1448 410 1496 primis
425 1448 643 1484 conceditur
658 1447 811 1484 domino
828 1447 941 1496 Hyde
957 1450 999 1484 vt
1015 1447 1186 1484 studium
1203 1446 1305 1494 quod
1327 1447 1387 1483 hic
1403 1451 1444 1483 et
1458 1446 1549 1482 alibi
1567 1446 1702 1483 habuit
1719 1447 1758 1482 in

303 1507 415 1543 rebus
442 1507 648 1543 dialecticis
676 1511 715 1542 et
743 1506 1030 1544 humanioribus
1055 1507 1176 1543 literis
1204 1518 1290 1542 cum
1316 1505 1616 1553 oppositionibus
1639 1509 1679 1541 et
1703 1517 1758 1541 re-

302 1565 568 1614 sponsionibus
600 1567 793 1614 requisitis
825 1567 986 1603 sufficiat
1018 1567 1052 1603 ei
1085 1567 1133 1603 ad
1167 1566 1468 1614 respondendum
1498 1566 1687 1613 questioni
1719 1569 1760 1601 et

304 1627 467 1663 finaliter
489 1626 818 1664 determinandum
843 1639 929 1663 cum
956 1627 1090 1662 ceteris
1114 1626 1376 1674 questionistis
1405 1626 1518 1662 huius
1545 1625 1636 1662 anni
1697 1625 1759 1661 Sic

303 1689 431 1721 tamen
465 1688 507 1721 vt
539 1685 621 1721 eius
653 1686 815 1722 eruditio
846 1690 886 1721 et
922 1697 1045 1722 mones
1076 1686 1341 1721 examinentur
1371 1688 1412 1720 et
1449 1684 1706 1732 approbentur
1737 1696 1759 1719 a

304 1744 494 1791 magistris
520 1743 682 1780 Haddon
707 1748 746 1780 et
774 1744 1011 1792 Pylkyngton

211 1802 309 1838 Item
329 1803 546 1839 conceditur
566 1802 704 1838 Joanni
727 1803 800 1839 Bee
822 1806 865 1839 vt
890 1806 933 1839 12
955 1804 1108 1840 termini
1133 1804 1170 1840 in
1193 1803 1332 1850 quibus
1354 1803 1532 1839 lectiones
1553 1802 1761 1839 ordinarias

304 1861 453 1898 audiuit
488 1872 555 1908 per
588 1861 766 1897 maiorem
799 1864 944 1908 partem
979 1862 1018 1897 in
1051 1865 1133 1898 toto
1166 1874 1239 1898 vna
1271 1873 1357 1898 cum
1390 1860 1690 1909 oppositionibus
1721 1863 1761 1896 et

305 1919 610 1968 responsionibus
638 1920 830 1968 requisitis
853 1921 1042 1958 sufficiant
1066 1920 1139 1957 sibi
1165 1921 1212 1957 ad
1242 1920 1541 1968 respondendum
1570 1920 1760 1967 questioni

211 1979 352 2017 Eadem
377 1981 499 2026 gratia
522 1980 570 2016 de
598 1979 711 2016 verbo
735 1980 773 2016 in
802 1979 959 2016 verbum
982 1980 1201 2017 conceditur
1225 1979 1397 2016 Oswaldo
1423 1980 1598 2016 Metcalfe
1622 1980 1759 2016 Joanni

305 2040 474 2077 Jhonson
501 2040 684 2076 Nicholao
710 2040 882 2076 Horsleio
905 2043 946 2076 et
971 2040 1159 2077 Richardo
1183 2040 1293 2088 Edyll

213 2099 312 2135 Item
341 2097 558 2134 conceditur
585 2098 729 2134 'rhome
759 2098 984 2145 Raymundo
1011 2101 1055 2134 vt
1089 2101 1133 2134 12
1161 2098 1314 2134 termini
1348 2098 1386 2134 in
1416 2097 1555 2144 quibus
1582 2098 1762 2134 lectiones

305 2156 512 2193 ordinarias
532 2156 680 2192 audiuit
702 2167 770 2203 per
794 2157 972 2192 maiorem
999 2161 1145 2204 partem
1174 2157 1212 2192 in
1242 2160 1324 2193 toto
1350 2168 1437 2193 cum
1462 2156 1762 2204 oppositionibus

305 2219 344 2252 et
368 2215 672 2263 responsionibus
693 2215 885 2262 requisitis
906 2216 1095 2252 sufficiant
1119 2217 1153 2252 ei
1177 2216 1224 2252 ad
1247 2216 1547 2264 respondendum
1572 2217 1760 2263 questioni

308 2274 370 2310 Ita
385 2277 428 2309 vt
443 2273 525 2309 eius
541 2271 704 2309 eruditio
719 2272 949 2320 approbetur
963 2284 1030 2320 per
1051 2274 1252 2320 magistros
1275 2273 1437 2310 Haddon
1459 2278 1500 2310 et
1524 2274 1761 2322 Pylkyngton

307 2335 347 2369 et
365 2332 590 2368 determinet
613 2344 699 2368 cum
717 2332 871 2379 reliquis
887 2332 1166 2370 bacchalaureis
1183 2333 1297 2370 huius
1313 2334 1403 2370 anni
1452 2334 1632 2381 quoniam
1649 2339 1762 2370 antea

305 2392 353 2429 ad
381 2392 483 2428 hunc
506 2391 663 2439 gradum
688 2391 738 2427 ob
761 2392 919 2439 pecunie
942 2392 1109 2440 inopiam
1135 2404 1210 2429 non
1239 2396 1388 2440 poterat
1413 2393 1611 2430 assendere
1640 2405 1762 2440 neque

304 2452 386 2488 sine
409 2463 545 2498 magno
568 2451 649 2488 eius
674 2451 911 2488 incommodo
933 2451 1080 2488 diutius
1103 2452 1225 2499 possit
1246 2452 1521 2499 procrastinare

212 2511 311 2548 Item
340 2510 559 2547 conceditur
590 2510 783 2557 Stephano
810 2510 978 2547 Wilsono
1006 2514 1048 2547 vt
1083 2514 1127 2547 12
1159 2512 1312 2548 termini
1344 2511 1521 2559 completi
1554 2512 1593 2548 in
1622 2511 1761 2559 quibus

306 2568 514 2605 ordinarias
536 2568 715 2605 lectiones
736 2568 885 2606 audiuit
906 2581 973 2616 per
996 2569 1174 2606 maiorem
1199 2573 1347 2616 partem
1369 2570 1408 2606 in
1434 2573 1516 2606 toto
1537 2582 1624 2606 cum
1646 2582 1758 2618 oppo-

306 2627 507 2663 sitionibus
522 2630 562 2663 et
584 2627 889 2675 responsionibus
908 2629 1100 2676 requisitis
1122 2629 1312 2665 sufficiant
1333 2629 1367 2665 ei
1389 2629 1438 2665 ad
1457 2629 1758 2676 respondendum

306 2687 494 2734 questioni

212 2746 352 2782 Eadem
370 2746 491 2793 gratia
506 2746 553 2782 de
566 2746 678 2782 verbo
694 2747 733 2783 in
747 2746 902 2783 verbum
915 2747 1134 2784 conceditur
1145 2748 1332 2784 Gulielmo
1342 2747 1469 2795 Coney
1487 2747 1650 2785 Roberto
1660 2748 1759 2796 Grey

306 2806 507 2842 Edmundo
520 2806 720 2854 Macarnys
736 2807 879 2844 'rhome
892 2807 1044 2855 Bayleio
1061 2807 1243 2844 Edwardo
1256 2808 1413 2854 Squiero
1433 2807 1620 2844 Gulielmo
1635 2809 1760 2856 Longo

305 2867 345 2900 et
360 2865 382 2900 J
386 2866 498 2905 oanni
516 2865 630 2901 Basse
