2008 3216
120 162 339 218 1555-56]
703 170 856 203 GRAcn
886 170 1011 202 ΒοοΚ
1042 170 1072 200 Δ
1580 159 1664 201 109

729 419 1058 476 [1555-1556]

114 543 271 588 'Gratie
310 558 508 587 concesse
549 543 594 586 in
636 542 767 600 plena
807 541 1141 599 congregatione
1182 540 1451 599 Regentium
1494 544 1540 583 et
1581 554 1668 582 non
1688 543 1714 581 f.
1739 541 1789 580 43
1810 554 1835 579 a

235 613 540 671 [Regentium]
572 627 599 655 a
628 612 740 656 festo
769 611 912 655 sancti
948 611 1176 654 Michaelis
1208 626 1323 654 anno
1355 609 1523 653 domini
1555 611 1668 653 1555

236 697 371 740 vsque
405 682 459 725 ad
491 681 607 725 idem
638 682 800 725 festum
833 696 886 724 ex
917 686 1024 724 tunc
1051 680 1248 738 proxime
1276 694 1463 738 sequens
1527 677 1669 724 Outh-

235 754 360 797 berto
396 753 501 796 Scot
531 767 650 795 sacre
681 751 900 808 theologie
930 751 1169 809 professore
1200 756 1306 793 tunc
1335 749 1670 808 procancellario

236 829 281 867 et
323 822 539 880 magistris
580 821 768 880 Georgio
813 823 954 879 Boyes
995 827 1040 865 et
1080 821 1251 864 Joanne
1293 821 1422 877 Guyn
1469 834 1669 878 procura-

236 893 404 938 toribus

602 999 844 1042 Bacchalau
850 999 913 1041 rei
945 999 990 1041 in
1022 997 1191 1041 artibus

121 1110 166 1146 In
184 1110 317 1157 primis
333 1109 550 1145 conceditur
572 1107 810 1162 Ferdjnando
835 1107 971 1143 Pulton
989 1110 1031 1143 vt
1051 1110 1093 1142 12
1111 1106 1262 1142 termini
1282 1106 1320 1142 in
1338 1106 1477 1153 quibus
1494 1106 1673 1143 lectiones

214 1169 421 1205 ordinarias
445 1168 593 1205 audiuit
617 1169 705 1204 licet
730 1180 804 1203 non
830 1167 983 1203 omnino
1008 1166 1213 1202 secundum
1239 1167 1397 1202 formam
1423 1167 1560 1203 statuti
1585 1179 1671 1203 cum

214 1227 513 1276 oppositionibus
534 1230 574 1263 et
596 1226 902 1274 responsionibus
922 1226 1114 1272 requisitis
1134 1226 1324 1262 sufficiant
1340 1226 1372 1261 ei
1391 1238 1459 1273 pro
1476 1226 1674 1273 completis

213 1288 331 1335 gradu
359 1291 398 1324 et
427 1288 547 1324 forma
579 1287 912 1323 bacchalaureatus
940 1286 979 1321 in
1008 1285 1154 1322 artibus
1219 1286 1280 1321 Sic
1309 1285 1410 1332 quod
1438 1286 1674 1322 examinetur

215 1350 253 1383 et
285 1346 513 1394 approbetur
544 1346 767 1382 conviuetur
798 1350 837 1381 et
869 1348 994 1380 cetera
1026 1347 1179 1391 peragat
1207 1345 1319 1391 juxta
1347 1345 1506 1380 formam
1535 1345 1672 1380 statuti

214 1405 392 1452 quoniam
425 1404 779 1440 determinationem
808 1402 957 1439 finalem
986 1402 1067 1438 sine
1096 1402 1260 1438 maximo
1289 1414 1357 1438 suo
1386 1402 1583 1449 dispendio
1611 1414 1671 1438 ex-

214 1466 363 1512 pectare
387 1475 462 1499 non
487 1466 614 1511 potest

122 1524 221 1560 Item
243 1522 461 1559 conceditur
477 1522 665 1558 Willelmo
688 1522 812 1570 Bynde
830 1525 871 1557 vt
893 1521 1089 1558 duodecim
1107 1521 1259 1557 termini
1277 1521 1315 1557 in
1339 1520 1479 1567 quibus
1495 1520 1674 1557 lectiones

215 1581 423 1618 ordinarias
445 1580 595 1616 audiuit
619 1580 708 1616 licet
732 1592 807 1616 non
833 1580 986 1616 omnino
1011 1580 1217 1616 secundum
1243 1580 1401 1615 formam
1427 1579 1564 1615 statuti
1587 1591 1673 1615 cum

215 1639 514 1688 oppositionibus
542 1643 581 1676 et
610 1639 917 1687 responsionibus
944 1640 1137 1687 requisitis
1165 1640 1355 1676 sufficiant
1383 1640 1416 1675 ei
1446 1639 1494 1675 ad
1523 1651 1673 1687 respon-

215 1699 380 1736 dendum
405 1699 593 1746 questioni

121 1760 264 1797 Eadem
290 1759 411 1806 gratia
435 1758 483 1794 de
507 1757 621 1794 verbo
647 1758 686 1794 in
712 1757 867 1794 verbum
895 1757 1112 1794 conceditur
1142 1758 1328 1794 Richardo
1354 1757 1507 1794 Walker
1531 1758 1675 1795 Thome

214 1821 352 1856 Rames
392 1819 580 1855 Willelmo
619 1818 858 1866 Bawtersbye
900 1818 1100 1865 Rogeroffl)
1143 1818 1298 1865 Otwaye
1336 1817 1502 1854 Roberto
1539 1818 1676 1866 Tayler

216 1878 380 1914 Henrico
406 1877 543 1913 Hawes
568 1880 608 1912 et
634 1877 834 1913 Edmundo
860 1877 1094 1913 Sherbrooke

123 1938 222 1974 Item
244 1936 462 1974 conceditur
485 1935 650 1972 Roberto
674 1936 814 1972 Parker
830 1940 873 1972 vt
894 1936 1090 1972 duodecim
1108 1936 1261 1972 termini
1279 1936 1455 1983 completi
1479 1936 1518 1972 in
1536 1936 1675 1983 quibus

215 1997 394 2033 lectiones
429 1995 637 2032 ordinarias
673 1995 822 2031 audiuit
856 1995 945 2031 licet
978 2007 1053 2031 non
1086 1995 1241 2031 omnino
1273 1995 1479 2032 secundum
1513 1996 1673 2032 formam

215 2055 352 2092 statuti
376 2066 463 2091 cum
487 2054 788 2102 oppositionibus
813 2057 852 2090 et
876 2053 1182 2102 responsionibus
1207 2054 1402 2101 requisitis
1426 2055 1615 2091 sufficiant
1640 2056 1674 2091 ei

215 2115 263 2152 ad
287 2113 587 2162 respondendum
611 2114 800 2161 questioni

122 2174 264 2212 Eadem
293 2174 413 2221 gratia
438 2173 486 2210 de
511 2172 625 2209 verbo
654 2173 693 2209 in
720 2173 876 2209 verbum
906 2173 1124 2210 conceditur
1151 2173 1290 2209 Joanni
1315 2173 1457 2210 Woode
1488 2173 1676 2210 Richardo

215 2231 466 2269 Sbackelocke
490 2231 678 2267 Richardo
703 2231 794 2267 Hall
818 2234 857 2267 et
883 2231 1126 2268 Marmaduco
1152 2231 1315 2267 Munson

122 2293 222 2330 Item
249 2291 466 2328 conceditur
494 2291 651 2338 Georgio
680 2290 900 2327 Cbatburne
928 2294 971 2327 vt
1002 2294 1047 2327 lO
1074 2291 1227 2326 termini
1260 2291 1299 2326 in
1330 2290 1469 2338 quibus
1495 2291 1674 2328 lectiones

215 2350 422 2388 ordinarias
445 2349 594 2387 audiuit
618 2350 706 2386 licet
730 2362 803 2386 non
830 2350 984 2386 omnino
1008 2349 1215 2386 secundum
1239 2350 1399 2386 formam
1423 2351 1560 2386 statuti
1588 2353 1674 2388 cuin

215 2408 513 2458 oppositionibus
541 2411 581 2445 et
608 2408 914 2456 responsionibus
942 2409 1135 2456 requisitis
1164 2409 1354 2445 sufficiant
1382 2409 1416 2445 ei
1444 2409 1492 2446 ad
1522 2422 1673 2458 respon-

215 2469 380 2506 dendum
404 2468 593 2516 questioni

123 2529 223 2566 Item
246 2527 463 2564 conceditur
487 2526 698 2563 Humfredo
723 2527 867 2563 Bohom
891 2531 935 2563 vt
962 2530 1002 2563 ll
1029 2527 1183 2563 termini
1207 2539 1295 2563 cum
1320 2539 1363 2563 eo
1387 2527 1426 2564 in
1452 2540 1528 2575 quo
1551 2528 1672 2565 deter-

216 2587 430 2624 minaturus
451 2588 511 2624 est
526 2586 567 2622 in
583 2584 723 2633 quibus
738 2586 918 2622 lectiones
933 2585 1142 2622 ordinarias
1157 2586 1306 2622 audiuit
1322 2586 1410 2623 licet
1427 2599 1502 2623 non
1519 2588 1673 2624 omnino

216 2647 422 2684 secundum
446 2647 606 2684 formam
631 2647 769 2684 statuti
793 2658 881 2682 cum
905 2645 1206 2693 oppositionibus
1226 2648 1266 2683 et
1289 2647 1595 2694 responsionibus
1617 2660 1672 2685 re-

214 2707 367 2756 quisitis
383 2706 572 2743 sufficiant
588 2707 622 2743 ei
639 2706 688 2743 ad
704 2705 1006 2754 respondendum
1023 2705 1213 2753 questioni

121 2767 263 2804 Eadem
303 2766 424 2814 gratia
458 2765 505 2802 de
537 2766 650 2802 verbo
686 2766 725 2801 in
759 2764 915 2801 verbum
947 2764 1166 2801 conceditur
1197 2765 1340 2802 Thome
1374 2766 1496 2803 Yearo
1529 2759 1674 2804 Thome

217 2825 372 2873 Shelyto
396 2827 435 2861 et
460 2825 599 2861 Dauidi
624 2825 752 2861 Evans
