2008 3294
180 192 398 249 1579-80]
761 201 912 234 emon
943 199 1067 232 BOOK
1099 199 1129 230 Δ
1640 183 1723 225 331

178 308 292 344 Snatt
458 306 582 353 Magd.
695 306 829 342 Clarke
977 303 1090 350 Regis
1213 301 1393 396 Browne}
1493 327 1549 363 00
1613 326 1690 362 Chr

179 367 328 414 Rayner
458 365 516 403 J0.
695 364 884 455 Rockley}
975 391 1000 427 J
1213 359 1356 396 Gibson
1516 350 1523 360 ‘
1549 339 1601 374 Ψ·
1692 354 1698 361 ·

178 425 311 473 Abbys
459 424 568 471 Corp.
578 423 664 461 Chr.
695 423 840 459 Proude
1002 403 1034 428 ⁰⁶
1213 418 1358 454 Furnos
1495 415 1592 450 Clar.

180 485 266 522 Ives
460 484 503 521 G.
522 484 553 520 ἃ
569 483 609 520 C.
698 483 905 529 Pickeryng
977 480 1054 517 Cla.
1215 478 1332 525 Fryer
1494 475 1536 510 G.
1557 474 1587 509 &
1604 474 1644 509 C.

178 543 295 581 Jones
460 541 584 589 Magd.
699 540 900 587 Sibthorpe
979 539 1054 575 Tri.
1216 536 1309 572 Dale
1332 542 1340 584 Q
1496 562 1561 598 Tri

180 603 285 641 Faux
461 602 546 639 Chr.
698 601 844 647 Harrys
980 598 1088 644 Corp.
1100 596 1186 633 Chr.
1218 584 1347 633 Kentf
1563 590 1571 598 ’

180 656 361 699 Robertes
460 660 546 698 Chr.
697 659 830 695 Foster
977 656 1088 703 Corp.
1099 655 1185 692 Chr.
1214 653 1238 690 J
1240 664 1331 689 ones
1497 650 1573 686 Tri.

181 721 356 758 Brabond
461 720 570 767 Corp.
580 718 666 757 Chr.
699 718 884 754 Hal-rison
981 716 1056 752 Tri.
1218 714 1318 749 Reve
1498 709 1583 745 Chr.

181 779 374 827 Gascoyne
459 778 483 814 J
485 790 534 814 es.
696 775 892 824 Sheppard
979 774 1003 811 J
1006 786 1038 811 0.
1218 770 1433 930 Dreamer}
1753 760 1780 800 f.
1805 759 1882 798 130
1897 758 1924 796 b

181 839 347 886 Waryng
458 837 534 875 Tri.
698 835 841 882 Sparke
981 834 1004 870 J
1007 845 1038 869 ο.
1219 828 1333 866 Cowll
1499 826 1584 862 Chr.

181 897 337 944 Toppan
460 896 484 931 J
487 907 519 933 0.
697 894 862 941 Asheley
983 891 1105 938 Magd.
1220 888 1248 924 F
1249 899 1374 924 awcus

182 955 298 992 Ward
461 954 548 990 Chr.
698 954 900 999 Atkynson
981 980 1030 1016 Jo
1217 947 1239 983 J
1243 946 1356 983 anion
1365 953 1380 1043 ἓ
1501 972 1564 1008 Tri

184 1015 297 1051 Batte
515 1041 523 1050 .
698 1011 796 1047 Hale
910 964 925 1056 ξ
1032 1007 1039 1015 “
1218 1006 1341 1042 Vsher
1569 1000 1577 1008 '

183 1071 373 1120 Fotherby
382 1018 398 1111 ξ
461 1042 536 1079 Tn'
699 1070 914 1107 Hudleston
983 1096 1046 1133 Tri
1219 1063 1383 1110 Atterby
1501 1061 1587 1097 Chr.

185 1133 278 1168 Bate
465 1130 573 1176 Corp.
582 1128 668 1165 Chr.
700 1128 844 1165 Boorne
925 1080 941 1170 ἓ
1050 1125 1057 1133 ’
1220 1122 1390 1159 Hawden
1502 1120 1588 1156 Chr.

182 1191 338 1227 Lawson
460 1188 484 1224 J
486 1200 518 1224 0.
698 1187 821 1233 Kinge
979 1184 1002 1219 J
1005 1196 1054 1220 cs.
1217 1180 1398 1218 Sherrard
1500 1179 1543 1215 G.
1563 1179 1593 1214 δι
1611 1179 1650 1214 C.

183 1249 320 1285 Milner
461 1246 537 1284 Tri.
699 1245 861 1282 Kendall
979 1243 1022 1279 G.
1041 1242 1071 1278 &
1088 1243 1128 1278 C.
1217 1241 1413 1277 Lawrence
1500 1238 1586 1275 Chr.

184 1308 329 1344 Ansam
466 1306 576 1353 Regis
701 1305 905 1352 Lawghton
982 1303 1122 1349 Regino
1218 1301 1420 1348 Atkynson
1502 1298 1587 1333 Chr.

186 1366 346 1404 Halsted
466 1366 489 1401 J
492 1377 524 1403 0.
1221 1360 1346 1396 Lewes
1501 1357 1641 1404 Regine

1366 1419 1413 1453 86

190 1618 415 1656 Conceditur
439 1620 483 1654 18
505 1616 611 1653 Junii
634 1619 677 1653 vt
701 1615 866 1652 Thomas
893 1614 1031 1662 Twyne
1054 1613 1093 1650 in
1118 1613 1310 1649 academia
1335 1613 1537 1649 Oxoniensi
1560 1612 1738 1657 magister

283 1678 424 1714 artium
457 1677 496 1713 in
530 1676 628 1713 hanc
660 1675 890 1712 academiam
919 1675 1178 1721 incorporetur
1205 1674 1330 1720 sitque
1359 1672 1459 1719 apud
1488 1684 1555 1708 vos
1582 1671 1735 1706 eiisdem

282 1737 399 1784 gradu
415 1748 514 1772 anno
530 1738 570 1771 et
586 1736 666 1771 loco
682 1734 822 1781 quibus
838 1736 920 1769 erat
937 1733 1071 1769 Oxonii

188 1797 330 1834 Eadem
346 1796 467 1843 gratia
483 1795 700 1832 conceditur
716 1798 738 1830 4
755 1794 778 1830 J
782 1794 847 1830 ulii
866 1793 1055 1838 magistris
1071 1792 1094 1828 J
1097 1804 1128 1829 o.
1147 1792 1303 1828 Weston
1321 1795 1360 1827 et
1376 1791 1399 1826 J
1403 1803 1433 1827 ο.
1455 1790 1695 1826 Stockewood

721 2043 1065 2086 Bacchalaureus
1089 2042 1203 2099 juris

193 2169 419 2206 Conceditur
435 2172 481 2206 28
499 2168 724 2205 Novembris
748 2167 942 2214 Rodolpho
961 2167 1088 2202 Bowes
1106 2170 1148 2202 vt
1164 2165 1334 2202 studium
1352 2168 1374 2200 5
1391 2177 1575 2201 annorum
1598 2165 1636 2200 in
1660 2165 1740 2200 iure

288 2228 388 2264 civili
405 2239 491 2264 cum
508 2226 810 2274 opposicionibus
827 2225 1132 2273 responsionibus
1148 2229 1187 2261 et
1204 2225 1288 2261 aliis
1303 2225 1491 2260 exercitiis
1509 2236 1575 2271 per
1591 2228 1740 2260 statuta

287 2285 478 2332 requisitis
495 2285 655 2337 sufficiat
671 2285 705 2320 ei
722 2284 770 2320 ad
787 2284 1006 2320 intrandum
1026 2284 1065 2319 iu
1083 2283 1211 2319 eodem
1230 2284 1309 2319 iure
1328 2284 1381 2319 ita
1399 2286 1441 2318 vt
1458 2282 1682 2330 respondeat
1700 2283 1739 2318 in

290 2344 423 2380 habitu
439 2343 689 2379 bacchalaurii

691 2592 998 2634 Bacchalaurei
1028 2592 1245 2650 theologie

199 2719 425 2756 Conceditur
444 2722 488 2756 16
505 2718 679 2755 Octobris
695 2720 875 2766 magistro
893 2719 1075 2755 Nicholao
1093 2720 1241 2756 Steeres
1260 2723 1301 2755 vt
1318 2719 1491 2755 studium
1514 2722 1534 2757 7
1558 2731 1742 2756 annorum

294 2777 334 2813 in
350 2777 536 2824 theologia
552 2782 752 2824 postquam
770 2778 907 2815 rexerit
923 2778 963 2813 in
979 2777 1126 2814 artibus
1142 2790 1228 2813 cum
1245 2777 1547 2824 opposicionibus
1560 2774 1743 2826 responsi-

292 2835 426 2872 onibus
442 2835 676 2872 sermonibus
692 2839 731 2872 et
747 2836 832 2872 aliis
848 2836 1034 2872 exercitiis
1055 2848 1122 2883 per
1144 2839 1292 2872 statuta
1315 2836 1506 2882 requisitis
1526 2837 1688 2873 sufficiat
1710 2839 1743 2873 ei

295 2898 374 2932 tam
391 2895 439 2932 ad
455 2895 718 2942 opponendum
735 2906 849 2941 quam
866 2895 914 2931 ad
932 2895 1152 2932 intrandum
1171 2895 1209 2931 in
1227 2906 1332 2931 sacra
1348 2894 1534 2942 theologia
