2002 3236
193 153 413 210 1544-45]
766 164 919 197 omos
950 163 1075 196 BOOK
1107 163 1136 196 Δ
1685 152 1739 193 25

284 268 437 304 omnino
461 267 667 304 secundum
696 267 855 304 formam
882 267 1018 304 statuti
1043 278 1129 303 cum
1158 265 1282 302 tribus
1310 264 1616 313 responsionibus
1640 265 1740 301 suffi-

287 325 390 362 ciant
414 326 449 362 ei
473 325 523 362 ad
546 325 847 373 respondendum
871 325 1061 372 questioni

191 384 276 421 Vna
312 395 399 420 cum
438 384 498 420 his
536 385 756 432 inceperunt
787 383 931 420 domini
967 383 1133 420 Hollond
1167 381 1390 430 Whytlocke
1423 385 1463 417 et
1496 381 1662 429 Buckley
1694 382 1741 418 de

285 443 436 491 collegio
462 443 591 490 Regali
615 442 754 490 quibus
779 454 901 490 neque
927 442 1048 490 petita
1069 452 1191 489 neque
1214 452 1389 477 concessa
1412 444 1471 477 est
1494 439 1726 488 dispensatio

319 650 542 693 Numerus
571 649 816 706 regentium
848 648 976 691 istius
1006 649 1109 690 anni
1142 648 1268 690 iuxta
1297 647 1617 690 senioritatem¹

330 747 354 784 J
357 759 445 784 ones
759 747 891 783 Rudde
1279 745 1438 782 Bottrell

330 806 521 842 Assheton
758 806 919 842 Dawson
1278 804 1438 851 Smythe

330 864 503 912 Aylande
759 865 876 900 Lever
1277 862 1466 910 Buckeley

331 924 511 960 Atterton
758 923 938 960 Lovelace
1277 922 1425 969 Han-ys

332 983 526 1020 Awforthe
760 982 919 1029 Huggen
1280 981 1453 1017 Stawkar

334 1042 520 1079 Hollonde
760 1041 1019 1090 Grymsdyche

331 1100 487 1148 Wylson
757 1100 948 1147 Tompson

333 1159 458 1207 Roper
759 1158 984 1206 Whytlocke

332 1218 460 1254 Elmer
759 1216 903 1253 Blande

331 1278 520 1315 Barnarde
758 1277 893 1314 Clarke

332 1336 450 1373 Ledes
757 1336 967 1372 Damasene
984 1334 1111 1384 [Dale]

331 1395 493 1442 Ooplaye
756 1393 917 1442 Tyndau

333 1453 486 1490 Murton

649 1737 958 1781 Bacchalaurei
989 1737 1034 1780 in
1066 1737 1285 1795 theologia
1758 1739 1783 1778 f.
1814 1740 1854 1778 ll
1874 1740 1898 1779 b

188 1831 234 1868 In
257 1831 389 1880 primis
411 1830 627 1867 conceditur
649 1829 819 1866 Rolando
835 1829 1067 1878 Swynborne
1084 1831 1126 1865 vt
1142 1828 1314 1865 studium
1331 1832 1476 1875 septem
1493 1841 1678 1866 annorum
1699 1830 1738 1866 in

280 1889 466 1936 theologia
490 1891 576 1936 post
598 1888 680 1924 eius
703 1888 950 1924 necessariam
975 1887 1182 1934 regentiam
1208 1898 1294 1923 cum
1327 1886 1475 1923 duobus
1503 1888 1739 1924 sermonibus

281 1960 355 1984 vno
376 1948 423 1984 ad
443 1948 583 1984 clerum
606 1948 724 1983 altero
741 1947 787 1983 ad
810 1958 956 1983 crucem
982 1947 1088 1983 Pauli
1113 1946 1275 1982 sufficiat
1296 1947 1330 1982 ei
1352 1946 1400 1982 ad
1417 1947 1682 1994 opponendum
1700 1952 1739 1983 et

280 2004 500 2041 intrandum
529 2003 569 2040 in
603 2003 790 2050 theologia
825 2003 879 2038 sic
913 2002 1014 2049 quod
1050 2003 1170 2050 possit
1205 2003 1349 2038 intrare
1383 2002 1431 2038 ad
1467 2003 1649 2049 placitum
1683 2003 1738 2039 ita

281 2067 409 2099 tamen
437 2062 537 2109 quod
561 2063 785 2108 respondeat
813 2066 902 2097 ante
925 2061 1063 2097 festum
1090 2060 1230 2096 Pasche
1258 2066 1327 2096 aut
1351 2061 1475 2097 soluat
1501 2062 1739 2098 vniuersitati

282 2134 354 2158 xxs
378 2125 418 2158 et
442 2133 517 2157 non
542 2124 718 2158 teneatur
741 2121 789 2157 ad
816 2121 1030 2156 vlteriorem
1055 2119 1299 2156 residentiam

187 2181 286 2217 Item
310 2179 527 2216 conceditur
551 2179 715 2216 Henrico
740 2178 1028 2215 Cumberforthe
1052 2182 1095 2214 vt
1119 2178 1289 2214 studium
1314 2182 1460 2225 septem
1484 2191 1668 2216 annorum
1700 2180 1739 2215 in

280 2238 467 2284 theologia
490 2241 692 2285 postquam
717 2237 855 2274 rexerit
879 2238 918 2273 in
943 2236 1090 2273 artibus
1119 2249 1206 2272 cum
1230 2236 1378 2273 duobus
1402 2237 1637 2274 sermonibus
1666 2250 1740 2274 vno

280 2297 328 2334 ad
357 2297 498 2333 clerum
531 2296 650 2333 altero
682 2296 729 2332 ad
763 2307 911 2331 crucem
947 2295 1054 2331 Pauli
1086 2300 1126 2331 et
1155 2307 1242 2331 cum
1271 2308 1345 2331 vna
1372 2297 1613 2344 responsione
1645 2298 1739 2334 citra

280 2356 419 2392 festum
448 2355 588 2391 Pasche
620 2355 832 2402 proximum
865 2354 938 2390 sub
964 2366 1061 2401 pena
1089 2354 1153 2390 xls
1182 2355 1220 2390 in
1251 2355 1427 2391 manibus
1454 2360 1738 2402 procuratorum

281 2414 454 2462 ponenda
482 2417 685 2460 antequam
719 2414 949 2450 admittatur
980 2413 1143 2449 sufficiat
1171 2414 1204 2449 ei
1238 2413 1285 2450 ad
1319 2415 1583 2462 opponendum
1616 2420 1655 2452 et
1683 2417 1736 2452 in-

280 2473 457 2510 trandum
479 2473 518 2509 in
540 2485 646 2509 sacra
667 2473 854 2519 theologia
875 2473 930 2508 sic
946 2472 1048 2519 quod
1068 2473 1296 2509 admittatur
1312 2478 1391 2509 tam
1407 2474 1455 2510 ad
1472 2475 1737 2521 opponendum

280 2544 395 2580 quam
427 2532 647 2568 intrandum
680 2532 776 2568 citra
811 2532 951 2568 festum
985 2533 1154 2569 omnium
1195 2533 1420 2569 Sanctorum
1458 2538 1497 2569 et
1535 2534 1653 2570 intret
1688 2535 1736 2571 ad

279 2592 459 2639 placitum

189 2651 286 2687 Item
303 2649 519 2686 conceditur
534 2650 656 2686 eidem
673 2653 715 2685 vt
738 2650 929 2696 responsio
951 2650 1159 2696 theologica
1175 2650 1223 2686 ad
1240 2662 1355 2697 quam
1378 2653 1530 2687 tenetur
1550 2651 1620 2688 hoc
1635 2664 1736 2688 anno

281 2709 421 2746 differri
438 2709 558 2756 possit
579 2709 619 2745 in
636 2709 850 2756 proximum
865 2720 1008 2744 anuum
1025 2710 1205 2755 quoniam
1225 2713 1379 2756 propter
1393 2710 1643 2757 egritudinem
1660 2723 1736 2758 qua

278 2767 423 2804 laborat
439 2767 510 2803 hoc
527 2779 626 2803 anno
642 2766 865 2814 respondere
881 2767 1056 2814 desperat
1679 2765 1682 2769 ’

424 2855 436 2876 ²
459 2855 572 2888 These
594 2866 716 2888 names
739 2866 796 2888 are
820 2855 957 2888 written
981 2856 1017 2887 in
1041 2857 1061 2887 3
1084 2855 1244 2888 columns
1267 2855 1304 2888 in
1329 2856 1388 2888 the
1410 2859 1496 2888 text.
