2008 3294
159 161 378 216 1582—83]
741 171 893 204 emon
924 170 1048 202 Boox
1079 170 1110 201 Δ
1621 160 1704 202 365

157 271 252 308 Gold
439 273 527 309 Ben.
673 273 805 309 Foster
1191 271 1437 366 Ohadwicke}
1470 301 1501 336 Τ
1526 302 1532 308 .

157 331 359 378 Atkynsou
438 331 458 367 J
465 344 496 367 0.
675 331 856 378 Hacksup
867 286 889 436 ξ
956 331 1033 367 Pet.
1191 330 1316 366 Bushe
1504 313 1546 337 η’

159 390 355 437 Manering
440 390 529 426 Ben.
673 389 800 426 Oobbe
1190 390 1370 426 Wormall
1473 390 1569 436 Mag.

157 448 379 485 Chadwicke
439 448 524 485 Chr.
675 448 866 485 Robinson
954 449 1094 495 Regine
1191 449 1347 485 Rushall
1471 450 1580 486 Clare

157 508 249 543 Tho.
263 506 469 543 Chambers
516 507 539 542 J
543 520 573 542 0.
674 506 815 554 Lindge
953 508 996 545 G.
1015 508 1046 544 &
1063 508 1103 544 O.
1189 507 1311 543 Cocke
1474 537 1511 572 Μ

157 566 390 603 Williamson
439 566 525 602 Chr.
600 565 606 572 '
675 564 919 660 Motherbye}
954 594 987 630 G
1016 595 1047 631 ἃ
1063 595 1093 630 C
1190 510 1395 603 Bristowe}
1514 549 1569 583 ag'

156 626 322 663 Garfeild
673 625 852 660 Steevens
989 624 998 632 ⁹
1096 625 1104 632 ‘
1191 626 1365 662 Forester
1473 626 1582 662 Clare

159 684 340 721 Hartford
675 682 909 719 Franckland
954 683 977 719 J
980 695 1011 719 o.
1189 684 1311 720 Baker

157 744 268 781 Dand
353 637 375 846 Ι
439 720 525 756 Chr·
675 743 802 789 Morys
867 745 880 836 ξ
954 772 1003 807 Μ.
1041 771 1065 808 d
1191 743 1357 779 Dickson
1367 697 1381 791 i
1471 714 1558 752 Chr*

160 803 328 851 Ratolyff
677 800 855 836 Blackfan
995 784 1041 818 ‘²3
1068 800 1076 808 ·
1191 802 1313 839 Fludd

158 863 340 910 Trayford
441 863 463 899 J
467 876 499 899 o.
678 859 921 896 Rushbrooke
958 861 1035 897 Pet.
1192 862 1342 898 Worme
1479 862 1502 897 J
1506 874 1554 897 es.

158 921 301 958 Barker
439 921 525 958 Chr.
676 920 816 956 Leman
958 921 1079 967 Magd.
1193 920 1426 956 williamson

159 980 290 1028 Kiffyn
439 980 463 1016 J
466 992 496 1016 ο.
675 979 842 1026 Gwynne
956 979 980 1015 J
982 992 1014 1015 ο.
1191 979 1412 1026 Torkynton
1473 980 1559 1016 Chr.

159 1039 290 1076 Shawe
521 1067 528 1074 .
677 1037 869 1073 Pemberle
957 1067 995 1103 M
1193 1038 1322 1084 String
1475 1039 1518 1074 G.
1538 1039 1568 1074 δι
1586 1039 1626 1075 C.

159 1097 249 1134 Man
300 1040 315 1132 i
440 1068 579 1114 Regma
675 1042 898 1143 Barrowgh}
998 1068 1078 1114 agd'
1193 1097 1326 1134 Carter
1473 1098 1548 1134 Tri.

159 1155 352 1193 Edmonds
440 1156 516 1191 Pet.
675 1155 835 1191 Dawson
975 1186 985 1202 ,
1192 1157 1307 1205 Wyat
1475 1158 1597 1204 Magd.

159 1214 322 1252 Kendall
437 1214 460 1250 J
462 1227 493 1250 o.
671 1161 859 1252 Oroxmn}
956 1185 1042 1222 (ΑΠ’
1434 1220 1501 1253 129

158 1274 354 1322 Reymand
439 1274 517 1309 Pet.
675 1272 839 1309 Holland
850 1281 865 1371 ἓ
955 1302 1004 1338 JO

158 1334 248 1370 Man
440 1332 517 1368 Pet.
674 1331 803 1368 Crofte
1005 1330 1013 1338 '

157 1513 382 1551 Conoeditur
415 1515 461 1549 22
496 1513 625 1549 Martii
659 1512 812 1549 domino
839 1512 1037 1548 Francisco
1066 1513 1229 1549 Gomaro
1258 1513 1439 1560 Brugensi
1469 1519 1512 1550 vt
1540 1514 1709 1551 studium

253 1574 273 1611 7
298 1584 482 1609 annorum
507 1572 546 1608 in
570 1571 770 1608 academiis
794 1572 1105 1618 Argentoraoensi
1134 1573 1409 1610 Newstadiensi
1436 1574 1639 1611 Oxoniensi
1669 1579 1709 1611 et

252 1631 548 1678 Oantebrigiensi
561 1631 628 1678 qui
643 1631 744 1667 hisce
757 1631 938 1678 proximis
951 1631 1114 1667 comitiis
1126 1632 1163 1668 in
1176 1632 1346 1668 ordinem
1357 1632 1709 1670 bacchalaureorum

251 1692 391 1728 artium
413 1694 611 1738 cooptatus
633 1694 692 1727 est
713 1702 798 1726 cum
823 1690 1000 1726 omnibus
1023 1691 1325 1738 oppositionibus
1348 1692 1652 1740 responsionibus
1671 1697 1711 1729 et

253 1751 337 1788 aliis
356 1750 542 1787 exercitiis
561 1761 627 1797 per
646 1751 793 1785 statuta
813 1749 913 1796 regia
933 1749 1126 1797 requisitis
1148 1751 1310 1786 sufficiat
1330 1751 1363 1787 ei
1387 1751 1435 1788 ad
1455 1751 1710 1799 incipiendum

254 1810 292 1846 in
309 1809 457 1846 artibus

159 1869 387 1907 Conceditur
404 1871 450 1905 26
466 1869 489 1905 J
494 1868 572 1905 unii
595 1868 726 1905 Franc.
743 1868 843 1904 Eure
861 1868 1142 1904 honoratissimi
1159 1869 1229 1904 viri
1246 1869 1388 1905 domini
1413 1870 1589 1907 Gulielmi
1612 1871 1711 1907 Eure

254 1928 404 1965 baronis
426 1928 526 1964 filius
547 1927 630 1973 (sic)
648 1931 690 1963 vt
712 1927 881 1963 studium
907 1931 927 1964 7
951 1939 1136 1963 annorum
1159 1928 1198 1963 in
1222 1927 1508 1965 humanioribus
1529 1929 1649 1965 literis
1672 1934 1711 1966 et

254 1988 523 2035 philosophicis
539 1999 626 2023 cum
643 1999 717 2023 vna
734 1987 971 2034 oppositione
988 1988 1027 2023 in
1045 1987 1226 2034 vesperiis
1243 1990 1312 2023 aut
1329 1988 1367 2023 iu
1389 1988 1450 2024 die
1472 1988 1709 2025 comitiorum

253 2046 506 2094 proximorum
530 2045 601 2082 sub
624 2057 722 2093 pena
746 2045 801 2081 xli
827 2045 1156 2092 persolvendarum
1182 2045 1371 2082 academie
1400 2046 1563 2083 sufficiat
1595 2048 1629 2083 ei
1663 2048 1709 2084 ad

254 2104 508 2152 incipiendum
526 2105 565 2140 in
582 2104 730 2140 artibus
747 2104 801 2139 ita
818 2107 861 2139 vt
877 2104 1107 2140 admittatur
1127 2105 1166 2140 iu
1191 2105 1260 2140 hac
1279 2106 1568 2152 congregacione
1590 2107 1644 2142 sie
1669 2110 1710 2143 vt

256 2165 337 2200 eius
352 2164 532 2201 admissio
549 2167 626 2200 stet
642 2164 675 2200 ei
694 2175 761 2210 pro
778 2164 977 2210 completis
993 2164 1110 2211 gradu
1127 2171 1166 2200 et
1183 2165 1304 2200 forma
1321 2168 1360 2201 et
1377 2165 1615 2202 iureiurando
1628 2179 1711 2214 pro-

254 2224 386 2259 mittat
402 2235 442 2259 se
458 2222 748 2259 consuetudines
766 2222 960 2269 privilegia
977 2227 1016 2259 et
1032 2226 1180 2260 statuta
1197 2223 1311 2260 huius
1328 2224 1518 2261 academie
1535 2225 1710 2263 observa—

254 2285 384 2318 turum
435 2282 594 2329 (peregit
610 2282 738 2317 omnia
754 2282 888 2329 mary.)

624 2509 932 2552 Bacchalaurei
957 2508 1070 2566 juris
1100 2509 1240 2552 civilis

162 2636 388 2674 Conceditur
406 2638 449 2671 18
468 2635 559 2671 Maii
578 2635 764 2670 Bennetto
782 2635 1034 2681 Thorowgood
1057 2637 1098 2669 vt
1120 2633 1291 2670 studium
1315 2638 1336 2668 5
1359 2646 1544 2670 annorum
1568 2635 1607 2670 in
1631 2635 1711 2670 iure

255 2694 357 2731 civili
381 2705 467 2730 cum
490 2693 789 2740 oppositionibus
811 2692 1116 2740 responsionibus
1139 2698 1178 2729 et
1201 2693 1286 2728 aliis
1310 2694 1496 2729 exercitiis
1521 2705 1587 2740 per
1611 2694 1711 2740 regis¹

257 2756 403 2790 statuta
435 2753 628 2799 requisitis
655 2753 817 2788 sufficiat
845 2753 878 2788 ei
908 2752 956 2788 ad
986 2753 1205 2788 intrandum
1236 2753 1274 2788 in
1302 2753 1431 2788 eodem
1467 2753 1547 2788 inre
1579 2754 1641 2788 sic-
1668 2757 1710 2789 vt

252 2812 474 2860 respondeat
498 2813 537 2848 in
562 2811 696 2848 habitu
721 2811 976 2848 bacchalam-ei
1026 2811 1166 2848 Eadem
1193 2812 1313 2858 gratia
1338 2811 1555 2849 conceditur
1577 2812 1707 2849 eodem

256 2872 320 2908 W⁰
344 2871 486 2919 Speght
534 2873 580 2908 28
605 2871 710 2908 Junii
736 2870 900 2907 Robcrto
925 2871 1057 2918 Harvy

1725 276 1899 316 f.140b
