2008 3216
321 174 378 216 88
915 184 1068 218 emon
1098 184 1222 219 Boon
1254 185 1284 218 Δ
1649 173 1871 232 [1552-53

820 493 1131 537 Bacchalaurei
1162 492 1381 550 theologie

326 620 370 656 In
383 621 516 668 primis
532 621 749 657 conceditur
767 622 946 668 magistro
963 621 1186 669 Whytlocke
1206 624 1248 658 vt
1271 622 1441 658 studium
1458 624 1603 670 septem
1626 633 1811 658 annorum
1835 622 1874 658 in

418 679 606 727 theologia
637 682 839 727 postquam
866 681 1004 716 rexerit
1030 681 1069 716 in
1095 680 1242 717 artibus
1274 692 1348 716 vna
1374 692 1461 717 cum
1486 680 1795 727 replicacionibus
1821 693 1875 718 re-

418 737 682 785 sponsionibus
713 742 753 774 et
785 737 1027 774 concionibus
1059 750 1126 785 per
1158 738 1259 785 regia
1290 741 1438 774 statuta
1469 739 1662 785 requisitis
1688 739 1876 775 sufficiant

418 798 451 832 ei
477 797 525 833 ad
550 796 770 833 intrandum
794 796 833 832 in
859 796 1046 843 theologia

325 855 422 891 Item
449 855 665 891 conceditur
688 855 869 901 magistro
891 854 1092 902 Twhaytes
1114 857 1159 891 vt
1181 854 1352 891 studium
1374 857 1394 892 7
1419 866 1604 891 annorum
1626 855 1666 892 in
1691 855 1877 903 theologia

419 917 621 961 postquam
645 914 783 950 rexerit
807 914 847 950 in
871 913 1018 950 artibus
1043 925 1118 949 vna
1142 925 1229 950 cum
1251 913 1488 950 sermonibus
1510 915 1816 962 responsionibus
1838 919 1877 952 et

419 973 504 1008 aliis
520 972 706 1009 exercitiis
722 973 829 1009 iuxta
851 974 998 1008 statuta
1019 972 1121 1019 regia
1142 972 1336 1019 requisitis
1358 972 1546 1009 sufficiant
1567 973 1602 1009 ei
1619 973 1667 1010 ad
1689 985 1875 1021 opponen-

417 1032 509 1069 dum
527 1033 568 1068 in
585 1044 691 1069 sacra
707 1032 895 1079 theologia

325 1092 424 1129 Item
457 1091 674 1128 conceditur
704 1091 884 1139 magistro
917 1091 1085 1128 Thewles
1123 1094 1166 1127 vt
1203 1091 1373 1128 studium
1411 1091 1580 1140 quinque
1611 1104 1796 1130 annorum
1837 1093 1876 1130 in

418 1151 604 1199 theologia
619 1154 821 1199 postquam
837 1150 975 1187 rexerit
991 1151 1031 1186 in
1048 1150 1194 1187 artibus
1210 1162 1286 1187 vna
1301 1162 1388 1187 cum
1405 1150 1704 1198 oppositionibus
1725 1163 1876 1200 respon-

419 1208 587 1245 tionibus
611 1208 852 1245 concionibus
876 1211 914 1244 et
943 1207 1028 1245 aliis
1055 1208 1243 1245 exercitiis
1274 1220 1341 1256 per
1372 1208 1473 1256 regia
1505 1211 1653 1246 statuta
1685 1210 1878 1257 requisitis

418 1266 607 1304 sufficiunt
631 1267 665 1304 ei
690 1267 738 1304 ad
762 1266 984 1304 intrandum
1009 1267 1048 1304 in
1073 1279 1180 1305 sacra
1202 1268 1390 1315 theologia

834 1577 1044 1621 Doctores
1074 1577 1119 1620 in
1152 1577 1371 1621 medicina

326 1704 424 1741 Item
441 1703 658 1740 conceditur
674 1704 854 1751 magistro
871 1704 1105 1752 Standysshe
1121 1704 1259 1740 seniori
1276 1705 1506 1752 procuratori
1524 1709 1566 1742 vt
1582 1705 1752 1743 studium
1767 1706 1876 1754 quin-

418 1774 493 1811 que
524 1774 710 1799 annorum
743 1763 782 1799 in
816 1762 1002 1799 medicina
1033 1764 1235 1810 postquam
1266 1762 1404 1799 rexerit
1436 1763 1476 1799 in
1507 1763 1653 1800 artibus
1685 1775 1760 1801 vna
1790 1777 1876 1802 cum

418 1821 595 1858 omnibus
626 1820 927 1869 oppositionibus
960 1820 1266 1868 responsionibus
1291 1822 1493 1859 anatomiis
1521 1826 1560 1859 et
1584 1822 1668 1859 aliis
1691 1824 1878 1860 exercitiis

419 1893 485 1929 per
501 1882 601 1928 regia
617 1884 767 1917 statuta
782 1881 974 1928 requisitis
991 1880 1154 1917 sufficiat
1170 1881 1203 1917 ei
1221 1880 1268 1917 ad
1286 1880 1542 1929 incipiendum
1559 1882 1598 1918 in
1616 1882 1745 1919 eadem
1762 1883 1876 1920 facul-

418 1945 499 1978 tate
565 1940 650 1977 Non
668 1943 727 1977 est
743 1943 892 1976 creatus
908 1940 979 1976 hoc
995 1951 1095 1976 anno

326 2001 424 2038 Item
442 1999 659 2037 conoeditur
676 1999 855 2046 magistro
873 1999 1057 2047 Patrycke
1076 2004 1119 2035 vt
1140 1998 1310 2043 studium
1334 2003 1480 2047 septem
1502 2011 1686 2037 annorum
1703 2001 1742 2037 in
1762 2001 1877 2039 medi-

418 2061 503 2096 cina
528 2063 729 2107 postquam
755 2058 891 2095 rexerit
916 2059 955 2094 in
985 2057 1132 2095 artibus
1160 2069 1235 2094 vna
1260 2069 1347 2095 cum
1372 2058 1547 2095 omnibus
1578 2060 1877 2107 oppositionibus

418 2117 722 2166 responsionibus
738 2121 778 2154 et
793 2118 878 2154 aliis
894 2118 1081 2155 exercitiis
1103 2129 1170 2165 per
1190 2117 1291 2165 regia
1311 2120 1459 2155 statuta
1480 2118 1672 2166 requisitis
1688 2119 1877 2157 sufficiant

417 2178 451 2214 ei
469 2177 516 2214 ed
534 2177 789 2225 incipiendum
808 2178 846 2214 iu
864 2177 992 2214 eadem
1011 2176 1191 2213 facultate

325 2238 423 2275 Item
441 2237 620 2284 magister
639 2236 872 2285 Stsndysshe
894 2248 1008 2284 agens
1031 2236 1068 2272 in
1093 2234 1265 2283 partibus
1287 2236 1552 2273 transmarinis
1571 2248 1645 2273 non
1664 2236 1877 2275 celebrabat

418 2297 612 2333 commitis
629 2308 696 2333 nec
713 2299 772 2334 est
787 2300 936 2334 creatus

161 2604 185 2643 f.
209 2603 260 2642 35
283 2603 307 2642 b
842 2590 1003 2635 Doctor
1033 2589 1077 2633 in
1102 2589 1204 2648 jure
1235 2589 1355 2633 ciuili

329 2720 371 2757 ln
390 2718 523 2768 primis
539 2716 756 2755 conceditur
773 2716 951 2764 magistro
970 2715 1172 2764 Nevynson
1195 2717 1237 2751 vt
1253 2714 1422 2752 studium
1445 2715 1613 2763 quinque
1629 2726 1812 2752 annorum
1836 2715 1872 2751 in

415 2778 500 2826 jure
529 2776 629 2814 ciuili
657 2780 856 2825 postquam
887 2774 1023 2811 rexerit
1057 2774 1094 2811 in
1123 2772 1271 2811 artibus
1301 2784 1375 2810 vna
1401 2785 1486 2811 cum
1514 2773 1811 2822 oppositionibus
1836 2778 1875 2810 et

420 2834 723 2884 responsionibus
740 2838 778 2871 et
794 2833 879 2870 aliis
894 2832 1080 2870 exercitiis
1101 2843 1167 2880 per
1187 2832 1286 2879 regia
1308 2835 1455 2869 statuta
1477 2832 1669 2879 requisitis
1686 2832 1874 2869 sufficiant

418 2896 452 2932 oi
470 2895 516 2932 sd
536 2894 787 2943 incipiendum
808 2894 844 2930 in
862 2892 990 2929 eodem
1010 2893 1088 2929 iure
