2008 3216
360 182 444 224 196
955 190 1106 223 emon
1138 192 1263 224 BOOK
1296 192 1327 224 Δ
1691 180 1912 236 [1565-66

751 482 1035 525 Bachalaurei
1063 481 1111 524 in
1140 481 1309 525 artibus
1338 480 1532 524 actuales

364 608 594 644 Conceditur
625 611 665 644 3⁰
696 608 788 643 Maii
824 607 946 643 Ovino
983 607 1113 654 Davys
1147 611 1190 643 vt
1226 609 1270 643 12
1305 607 1459 643 termini
1492 608 1532 643 in
1566 607 1706 655 quibus
1738 607 1916 643 lectiones

460 666 668 702 ordinarias
689 666 837 702 audivit
858 666 948 702 licet
970 678 1045 702 non
1070 666 1225 702 omnino
1249 666 1457 702 secundum
1482 667 1642 702 formam
1666 666 1804 702 statuti
1828 677 1915 701 cum

459 725 759 772 oppositionibus
792 724 1098 772 responsionibus
1129 727 1169 761 et
1201 724 1285 760 aliis
1313 725 1501 761 exercitiis
1529 736 1595 772 per
1623 727 1769 760 statuta
1801 723 1917 770 Regia

462 784 656 830 requisitis
671 785 860 821 sufficiant
877 785 911 820 ei
927 784 975 821 ad
992 784 1292 831 respondendum
1311 784 1499 831 questioni
1516 784 1570 820 sic
1583 786 1625 820 vt
1641 783 1722 820 eius
1739 781 1917 819 admissio

463 846 540 879 stet
563 855 630 890 pro
655 843 853 890 completis
879 843 997 890 gradu
1023 846 1063 880 et
1088 843 1209 879 forma
1235 842 1474 880 bachalaurei
1500 843 1540 879 in
1566 841 1714 879 artibus
1737 841 1917 888 quoniam

463 902 544 937 sine
577 913 713 948 magno
746 901 974 938 detrimento
1007 902 1217 950 proximam
1254 901 1582 948 quadragesimam
1614 903 1809 948 expectare
1841 911 1917 936 non

461 962 588 1007 potest
604 960 659 996 ita
675 963 804 996 tamen
825 963 869 996 vt
890 961 972 996 eius
993 960 1156 997 eruditio
1179 961 1284 1007 prius
1305 959 1536 1007 approbetur
1556 971 1624 1007 per
1645 959 1918 996 examinatores

464 1019 578 1066 hujus
594 1019 685 1055 anni
702 1022 742 1056 et
758 1022 835 1056 stet
852 1019 892 1056 in
910 1020 1081 1067 proxima
1097 1019 1384 1066 quadragesima
1400 1021 1440 1056 et
1455 1019 1676 1056 convivetur

370 1078 513 1116 Eadem
538 1079 660 1125 gratia
683 1078 902 1115 conceditur
927 1081 972 1117 17
998 1079 1091 1115 Maii
1118 1079 1166 1115 H.
1193 1078 1390 1114 Maicrofte
1414 1090 1501 1114 cum
1527 1081 1569 1114 11
1597 1077 1770 1114 terminis
1794 1080 1832 1114 et
1857 1077 1916 1113 Jo.

466 1136 619 1173 Salmon
644 1149 731 1173 cum
756 1140 779 1174 9
803 1138 978 1174 terminis
1038 1137 1208 1175 Admissi
1235 1140 1280 1173 10
1304 1137 1411 1174 Junii

858 1406 1106 1449 Practicans
1137 1406 1180 1449 in
1217 1406 1433 1450 medicina

370 1530 598 1567 Conceditur
620 1533 659 1566 3⁰
682 1531 773 1567 Maii
797 1531 855 1567 Jo.
880 1531 1015 1568 Senter
1040 1535 1082 1568 vt
1103 1532 1277 1568 studium
1303 1532 1367 1580 viij
1393 1544 1578 1569 annorum
1603 1533 1643 1569 in
1668 1532 1854 1569 medicina
1874 1543 1920 1567 ex

465 1589 605 1637 quibus
620 1589 716 1626 duos
733 1590 898 1637 integros
914 1591 1151 1638 consumpsit
1168 1591 1207 1627 in
1226 1592 1295 1627 hac
1318 1591 1511 1628 academia
1533 1591 1720 1628 audiendo
1742 1591 1921 1628 lectiones
1982 1586 1984 1588 ’

466 1649 675 1685 ordinarias
692 1650 855 1686 sufficiat
871 1651 905 1686 ei
923 1650 971 1686 ad
988 1650 1275 1700 practicandum
1292 1651 1331 1686 in
1350 1650 1479 1687 eadem
1497 1651 1677 1687 facultate
1693 1651 1747 1687 sic
1761 1652 1803 1686 vt
1815 1649 1920 1697 prius

466 1708 691 1755 respondeat
706 1712 746 1744 et
762 1709 897 1745 deinde
914 1710 1145 1757 approbetur
1164 1714 1204 1746 et
1226 1712 1466 1756 presentetur
1488 1721 1555 1757 per
1576 1710 1754 1746 lectorem
1776 1708 1920 1756 regium

466 1767 505 1802 in
522 1778 567 1802 ea
583 1766 765 1803 facultate
781 1771 821 1804 et
837 1780 951 1815 super
967 1768 1037 1804 hac
1054 1771 1181 1805 vestra
1197 1769 1435 1805 concessione
1448 1769 1576 1806 literas
1589 1768 1726 1806 habeat
1738 1768 1921 1816 sigillatas

466 1824 588 1871 sigillo
605 1827 730 1861 vestro
747 1826 939 1862 communi
957 1826 1115 1874 (peregit
1132 1826 1260 1862 omnia
1277 1827 1411 1875 mary.)

208 2094 236 2135 f.
259 2094 311 2134 86
330 2095 357 2133 b
905 2087 1069 2131 Doctor
1098 2088 1144 2131 in
1176 2088 1393 2132 medicina

374 2214 603 2252 Conceditur
619 2213 702 2260 viij⁰
720 2213 914 2250 Februarii
931 2214 1113 2261 magistro
1131 2213 1313 2250 Nicholao
1331 2213 1463 2250 Butler
1484 2217 1527 2251 vt
1550 2213 1720 2251 studium
1737 2213 1787 2262 vij
1806 2225 1920 2250 anno-

469 2286 553 2310 rum
587 2274 626 2309 in
660 2272 846 2310 medicina
874 2277 1080 2321 antequam
1114 2274 1212 2310 rexit
1241 2274 1280 2310 in
1309 2273 1457 2311 artibus
1481 2276 1521 2310 et
1544 2276 1710 2321 quatuor
1734 2284 1919 2310 annorum

470 2336 671 2381 postquam
695 2332 792 2369 rexit
814 2332 852 2369 in
875 2332 1022 2369 artibus
1041 2336 1081 2370 et
1101 2333 1267 2380 practica
1291 2333 1330 2369 in
1356 2332 1487 2370 eadem
1513 2345 1599 2369 cum
1622 2331 1923 2381 oppositionibus

471 2390 776 2439 responsionibus
791 2394 831 2428 et
846 2390 931 2427 aliis
947 2391 1135 2428 exercitiis
1153 2402 1218 2438 per
1234 2394 1382 2428 statuta
1399 2392 1592 2440 requisitis
1609 2392 1748 2440 partim
1761 2391 1924 2439 peractis

471 2451 611 2499 partim
629 2449 863 2498 perficiendis
880 2454 969 2488 ante
986 2451 1156 2499 proxima
1172 2450 1327 2487 comitia
1342 2450 1415 2488 sub
1432 2462 1528 2499 pena
1550 2450 1594 2487 1¹¹
1617 2450 1922 2498 deponendorum

472 2510 510 2547 in
528 2508 704 2546 manibus
721 2513 1006 2558 procuratorum
1022 2513 1111 2547 ante
1128 2509 1209 2546 eius
1221 2509 1488 2547 admissionem
1501 2509 1664 2548 sufficiat
1679 2510 1714 2547 ei
1732 2509 1779 2547 ad
1792 2510 1922 2558 incipi-

471 2568 611 2606 endum
630 2568 668 2606 in
686 2567 817 2607 eadem
836 2568 1017 2606 facultate
1035 2569 1194 2616 (peregit
1210 2569 1338 2605 omnia
1353 2569 1485 2619 mary.)
