1976 3276
328 158 412 199 256
923 166 1075 198 GRAOE
1107 166 1230 196 Rom<
1261 166 1291 196 Δ
1535 172 1542 181 ·
1656 151 1875 209 [1571-72

818 439 1068 481 Practicans
1099 438 1144 480 in
1178 438 1394 480 medicina

328 576 556 612 Conceditur
578 579 624 612 26
642 577 816 613 Octobris
840 577 1019 623 magistro
1037 577 1226 613 Willelmo
1247 578 1379 614 Butler
1395 582 1438 614 vt
1457 579 1627 614 studium
1649 581 1672 614 6
1694 589 1877 614 annorum

424 636 462 670 in
483 635 669 671 medicina
689 639 889 684 postquam
914 637 1052 672 rexerit
1073 636 1111 672 in
1129 636 1276 672 artibus
1293 637 1455 673 sufficiat
1471 638 1504 672 ei
1525 637 1573 672 ad
1595 636 1879 684 practicandum

424 695 462 730 in
487 695 617 731 eadem
646 695 699 730 sic
725 699 767 730 vt
789 695 870 730 eius
895 695 1057 731 eruditio
1082 699 1122 731 et
1146 696 1310 741 cognitio
1333 696 1568 731 examinetur
1591 700 1630 731 et
1653 695 1882 742 approbetur

424 763 490 798 per
510 751 681 787 doctores
699 751 836 787 Warde
857 755 897 787 et
920 753 1090 787 Barrowe
1112 756 1151 787 et
1173 763 1241 798 per
1259 752 1420 787 alterum
1437 760 1565 787 eorum
1589 755 1824 798 presentetur
1842 754 1881 787 et

423 822 536 857 super
564 811 634 846 hac
659 812 896 846 concessione
924 811 1053 847 literas
1079 811 1218 847 habeat
1243 812 1458 857 obsignatas
1486 811 1606 857 sigillo
1631 815 1755 847 vestro
1782 823 1880 846 com-

424 870 530 905 muni
582 871 823 906 Presentatus
846 882 913 917 per
937 871 1126 906 doctorem
1153 870 1267 906 Ward
1295 873 1339 906 16
1365 870 1581 906 Decembris

138 1149 165 1188 f.
192 1149 268 1188 108
289 1161 313 1186 a
851 1147 1015 1190 Doctor
1044 1147 1091 1190 in
1118 1147 1220 1204 jure
1250 1147 1368 1190 civili

331 1263 558 1300 Conceditur
575 1266 622 1300 28
639 1263 769 1299 Martii
787 1263 967 1310 magistro
984 1263 1172 1300 Willelmo
1190 1262 1389 1311 Byngham
1406 1265 1449 1299 vt
1471 1262 1640 1299 studium
1658 1264 1679 1300 7
1699 1274 1883 1300 annorum

427 1323 465 1359 in
489 1323 570 1359 iure
585 1322 687 1359 civili
710 1326 912 1370 postquam
930 1323 1067 1359 rexerit
1091 1323 1130 1359 in
1152 1323 1299 1359 artibus
1316 1334 1402 1359 cum
1419 1322 1718 1370 oppositionibus
1733 1334 1884 1371 respon·

426 1382 596 1418 sionibus
617 1382 776 1429 aliisque
792 1382 980 1418 exercitiis
1002 1394 1069 1429 per
1090 1384 1237 1418 statuta
1263 1382 1377 1429 Regia
1394 1382 1586 1429 requisitis
1602 1382 1764 1419 sufficiat
1779 1383 1814 1419 ei
1835 1382 1885 1420 ad

428 1442 682 1489 incipiendum
701 1442 739 1478 in
753 1442 883 1478 eodem
896 1442 981 1489 jure
1032 1443 1274 1478 Presentatus
1292 1454 1358 1489 per
1370 1442 1561 1478 doctorem
1575 1442 1682 1489 Byng
1698 1444 1734 1477 1⁰
1744 1441 1886 1489 Aprilis

793 1705 1100 1748 Bacchalaurei
1134 1706 1180 1748 in
1212 1705 1431 1763 theologia

335 1863 562 1899 Conceditur
582 1866 623 1901 17
643 1862 869 1899 Novembris
886 1863 1066 1909 magistro
1083 1862 1185 1909 Step.
1205 1862 1396 1899 Cardinall
1414 1866 1455 1898 vt
1471 1862 1641 1899 studium
1661 1866 1681 1901 7
1704 1875 1887 1900 annorum

431 1923 469 1959 iu
492 1923 678 1970 theologia
703 1927 905 1970 postquam
928 1923 1064 1958 rexerit
1088 1923 1126 1958 in
1150 1921 1298 1958 artibus
1314 1934 1400 1958 cum
1418 1922 1717 1970 oppositionibus
1740 1934 1887 1970 respon-

431 1982 601 2018 sionibus
626 1981 861 2018 sermonibus
889 1983 928 2017 et
956 1980 1041 2016 aliis
1069 1981 1258 2016 exercitiis
1286 1992 1353 2028 per
1384 1983 1533 2017 statuta
1564 1981 1756 2028 requisitis
1788 1981 1887 2018 suffi-

431 2042 534 2078 ciant
544 2042 629 2088 (sic)
639 2041 672 2078 ei
685 2046 764 2077 tam
775 2040 823 2077 ad
836 2039 1101 2088 opponendum
1113 2051 1227 2086 quam
1240 2039 1288 2076 ad
1302 2039 1522 2076 intrandum
1535 2039 1573 2075 in
1588 2051 1692 2076 sacra
1705 2040 1889 2088 theologia

434 2102 674 2138 Presentatus
692 2112 758 2148 per
772 2100 968 2137 dominum
986 2099 1329 2136 vicecancellarium
1349 2101 1392 2136 16
1411 2099 1628 2136 Decembris

338 2160 478 2197 Eadem
495 2160 617 2208 gratia
632 2159 849 2196 conceditur
864 2158 993 2195 eodem
1013 2157 1201 2205 magistris
1221 2157 1384 2194 Roberto
1397 2159 1507 2195 Some
1524 2162 1562 2195 et
1580 2157 1742 2195 Roberto
1755 2158 1890 2196 Gan-et

434 2219 642 2256 presentati
661 2230 727 2267 per
742 2218 932 2255 doctorem
951 2216 1165 2253 Ohaderton
1184 2219 1226 2253 21
1248 2217 1377 2254 Martii

339 2278 479 2316 Eadem
506 2278 627 2326 gratia
652 2276 870 2314 conceditur
898 2280 943 2313 24
972 2276 1145 2313 Januarii
1170 2276 1361 2324 magistris
1387 2277 1479 2315 Tho.
1509 2277 1642 2314 Newce
1666 2281 1705 2314 et
1733 2278 1890 2316 Ricardo

432 2338 596 2374 Jackson
662 2337 841 2384 magister
865 2336 995 2373 doctor
1017 2336 1156 2372 Pearne
1182 2337 1413 2383 presentavit
1438 2337 1659 2383 magistrum
1686 2337 1819 2374 Newoe
1844 2341 1886 2374 21

436 2398 561 2435 Martii
587 2401 626 2435 et
651 2398 829 2444 magister
845 2397 975 2433 doctor
1002 2396 1178 2433 llawford
1205 2397 1426 2443 magistrum
1452 2396 1615 2433 Jackson
1642 2400 1688 2433 23
1715 2397 1805 2434 Maii

342 2458 478 2494 Exulem
504 2457 626 2504 gratia
649 2455 867 2493 conceditur
890 2458 937 2491 30
965 2455 1054 2491 Maii
1084 2455 1262 2502 magistro
1288 2454 1482 2491 Osmundo
1510 2455 1638 2502 Dewyo
1662 2459 1701 2491 et
1724 2455 1889 2494 Johanni

433 2517 557 2553 Cooke
608 2515 816 2552 presentati
844 2526 909 2562 per
932 2514 1122 2551 doctorem
1150 2514 1327 2550 Hawford
1354 2517 1400 2550 20
1425 2514 1447 2549 J
1453 2515 1530 2551 unii

339 2576 565 2614 (Joncoditur
582 2578 623 2612 21
647 2575 772 2612 Martii
793 2574 971 2622 magistro
988 2574 1136 2611 Adamo
1155 2573 1317 2621 Holiday
1336 2577 1377 2610 vt
1393 2574 1562 2611 studium
1581 2577 1627 2610 20
1642 2587 1825 2612 annorum
1850 2576 1887 2612 in

436 2636 621 2682 theologia
636 2647 723 2671 cum
741 2633 1040 2682 omumitionibus
1058 2633 1362 2682 responsionibus
1379 2632 1615 2670 sermonibus
1631 2637 1670 2670 et
1687 2634 1772 2670 aliis
1788 2645 1888 2672 exer-

435 2697 536 2733 citiis
554 2707 620 2744 por
642 2699 790 2731 statuta
808 2694 999 2741 requisitis
1016 2694 1179 2731 sufficiat
1196 2694 1228 2729 ei
1248 2699 1326 2730 tam
1353 2693 1399 2729 mi
1425 2693 1689 2741 opponendum
1707 2706 1822 2741 quam
1840 2694 1888 2732 ad

437 2754 654 2792 intmndum
674 2754 711 2790 in
730 2765 836 2789 mern
854 2752 1038 2799 thmlogin
1054 2753 1107 2789 sic
1126 2756 1168 2789 vt
1185 2752 1406 2800 resimndcat
1424 2753 1461 2789 in
1480 2752 1612 2790 habitu
1631 2765 1704 2789 non
1727 2754 1888 2801 regentis

434 2819 474 2851 et
495 2814 547 2850 nit
567 2813 614 2850 dc
633 2813 773 2859 gremio
795 2816 835 2848 et
853 2812 975 2848 solvat
1000 2812 1234 2848 vniuersitnti
1260 2812 1324 2848 xis
1385 2812 1623 2849 Presentstus
1642 2812 1773 2850 vltimo
1799 2813 1888 2850 Maii

436 2886 499 2922 per
515 2873 703 2909 ‹locun-mu
727 2871 900 2908 unwan-d
