2008 3216
161 167 382 224 1561-62]
736 172 888 206 emor:
918 169 1043 203 BOOK
1074 169 1103 200 Δ
1624 156 1706 196 155

597 370 715 415 Ordo
745 367 1011 413 senioritatis
1041 364 1276 410 eorundem

397 487 531 524 Clarke
837 483 1058 531 Parkynson
1242 478 1406 514 Hameis

398 547 552 582 Browne
835 541 1038 578 Bradsorth
1241 537 1420 585 Wythers

398 605 557 653 Smythe
838 601 966 637 Lawse
1240 594 1500 643 Goldyngham

399 663 595 711 Chapman
838 660 977 696 Welles
1242 654 1380 691 Warde

399 722 544 769 Oooper
839 717 998 755 Oxforth
1244 713 1430 760 Beryman

400 780 562 828 Symson
840 777 1007 812 Burman
1245 771 1335 808 Hall

402 839 533 876 Butler
841 836 987 883 Layton

167 934 293 970 Placet
316 932 423 969 vobis
448 934 471 969 9
495 931 519 968 J
523 931 589 968 ulii
615 935 657 967 vt
683 930 864 977 magister
889 929 944 965 W.
972 928 1139 964 Overton
1166 926 1206 962 in
1232 924 1425 962 academia
1449 922 1651 959 Oxoniensi
1676 921 1716 957 in

260 990 407 1027 artibus
432 990 612 1036 magister
636 989 688 1025 sit
713 988 774 1024 hic
799 987 899 1035 apud
923 999 989 1023 vos
1014 987 1054 1022 in
1079 985 1233 1021 eiisdem
1259 983 1377 1030 gradu
1401 982 1532 1018 ordine
1556 986 1595 1016 et
1619 991 1718 1016 anno

260 1050 399 1097 quibus
419 1050 493 1086 fuit
515 1049 554 1084 in
577 1048 680 1085 dicta
702 1047 894 1083 academia
944 1045 1050 1082 Idem
1073 1046 1221 1080 creatus
1244 1047 1303 1079 est
1325 1042 1504 1089 magister
1520 1040 1660 1076 artium
1678 1040 1717 1075 iu

259 1108 450 1145 academia
467 1107 669 1145 Oxoniensi
687 1118 787 1143 anno
803 1106 947 1142 domini
967 1106 1059 1141 1553
1110 1103 1314 1139 Admissus
1331 1101 1392 1137 hic
1410 1103 1432 1137 9
1449 1100 1472 1136 J
1476 1100 1544 1136 ulii

661 1298 909 1342 Praeticans
941 1296 988 1340 in
1018 1295 1236 1338 medicina

169 1417 396 1456 Conceditur
411 1415 488 1463 xiiij
510 1413 735 1451 Novembris
752 1413 983 1449 Ohristofero
1002 1411 1127 1448 Miller
1142 1414 1185 1447 vt
1201 1410 1371 1446 studium
1388 1409 1516 1446 decem
1537 1420 1722 1445 annorum

265 1477 304 1513 in
334 1475 519 1512 medicina
547 1474 687 1522 partim
718 1474 756 1509 in
786 1473 856 1509 hac
885 1472 1132 1508 vniuersitate
1156 1470 1296 1518 partim
1326 1469 1475 1505 Lutetie
1499 1472 1538 1504 et
1568 1468 1723 1504 Lovanii

265 1535 427 1571 sufficiat
452 1533 486 1569 ei
511 1532 559 1569 ad
584 1531 869 1579 practicandum
894 1531 933 1566 in
959 1529 1089 1566 eadem
1114 1529 1296 1566 facultate
1319 1528 1373 1564 sic
1395 1531 1438 1564 vt
1459 1528 1540 1564 eius
1561 1527 1724 1564 eruditio

266 1595 371 1643 prius
403 1594 638 1630 examinetur
666 1595 706 1628 et
734 1590 965 1638 approbetur
993 1602 1060 1637 per
1085 1589 1181 1626 duos
1214 1588 1384 1624 doctores
1416 1587 1582 1623 eiusdem
1611 1586 1725 1623 facul-

267 1654 359 1690 tatis
379 1656 418 1690 et
440 1664 507 1700 per
524 1663 641 1688 vnum
660 1663 789 1687 eorum
809 1653 1048 1697 presentetur
1069 1652 1107 1685 et
1127 1660 1240 1695 super
1259 1647 1330 1683 hac
1347 1650 1472 1683 vestra
1491 1647 1727 1682 concessione

265 1714 394 1750 literas
421 1711 559 1748 habeat
588 1711 710 1758 sigillo
739 1714 865 1746 vestro
894 1709 1084 1746 communi
1114 1708 1331 1754 obsignatas
1390 1707 1633 1743 Presentatus
1661 1718 1728 1754 per

266 1772 457 1809 doctorem
483 1770 638 1807 Bounde
1496 1783 1500 1787 ·

712 1930 876 1973 Doctor
906 1929 952 1972 in
983 1928 1199 1972 medicina

176 2046 402 2083 Conceditur
414 2046 481 2093 vj*⁴o
499 2045 628 2081 Martii
647 2045 828 2091 magistro
847 2044 993 2092 Boyton
1006 2047 1050 2080 vt
1066 2043 1237 2079 studium
1251 2054 1274 2078 x
1286 2053 1471 2078 annorum
1488 2042 1527 2077 in
1544 2041 1730 2077 medicina

271 2108 472 2153 postquam
495 2105 633 2141 rexerit
653 2104 692 2140 in
713 2103 860 2140 artibus
877 2115 964 2139 cum
981 2102 1223 2150 responsione
1239 2102 1279 2137 in
1296 2100 1475 2148 vesperiis
1491 2101 1730 2136 comitiorum

272 2166 525 2213 proximorum
554 2164 716 2201 sufficiat
744 2164 777 2200 ei
807 2163 855 2199 ad
886 2162 1142 2210 incipiendum
1172 2162 1212 2197 in
1241 2160 1429 2197 medicina
1488 2160 1731 2196 Presentatus

272 2235 339 2271 per
361 2224 552 2260 doctorem
574 2223 728 2260 Walker

618 2412 925 2455 Bacchalaurei
957 2411 1002 2454 in
1028 2411 1129 2469 jure
1160 2411 1282 2454 ciuili

185 2529 412 2566 Oonoeditur
442 2528 565 2576 primo
592 2527 683 2563 Maii
709 2527 732 2563 J
735 2538 765 2562 0.
796 2526 942 2562 Bartlet
967 2528 1010 2561 vt
1038 2525 1209 2561 studium
1236 2528 1275 2561 et
1304 2525 1470 2571 practica
1498 2536 1521 2559 x
1550 2536 1734 2560 annorum

279 2588 318 2624 in
342 2587 427 2635 jure
451 2587 552 2623 civili
574 2586 713 2634 partim
739 2586 778 2621 in
803 2584 975 2632 partibus
998 2585 1264 2620 transmarinis
1286 2584 1426 2631 partim
1451 2583 1513 2619 hic
1537 2584 1576 2619 in
1599 2583 1737 2630 Anglia

280 2657 366 2682 cum
382 2644 682 2692 oppositionibus
698 2643 1005 2690 responsionibus
1021 2646 1060 2679 et
1077 2643 1161 2679 aliis
1184 2643 1371 2679 exercitiis
1393 2654 1459 2690 per
1474 2643 1575 2688 regia
1590 2646 1737 2678 statuta

281 2704 473 2751 requisitis
496 2702 732 2750 perficiendis
755 2703 854 2738 infra
874 2714 1018 2738 annum
1041 2706 1129 2749 post
1151 2702 1232 2738 eius
1252 2701 1519 2738 admissionem
1545 2701 1616 2737 sub
1640 2713 1738 2748 pena

281 2763 354 2810 lxvj
369 2775 389 2799 s
416 2762 480 2810 viij
495 2762 520 2798 d
553 2762 809 2809 ponendorum
844 2762 883 2797 in
916 2761 1093 2798 manibus
1125 2764 1409 2808 procuratorum
1441 2764 1530 2796 ante
1561 2760 1643 2796 eius
1668 2760 1738 2796 ‘ad-

282 2822 498 2858 missionem
515 2821 677 2857 sufficiat
697 2821 732 2856 ei
755 2821 802 2856 ad
826 2820 1047 2857 intrandum
1063 2821 1103 2856 in
1125 2820 1257 2856 eodem
1274 2819 1361 2867 jure
1410 2819 1652 2855 Presentatus
1674 2830 1741 2866 per

283 2881 472 2917 doctorem
491 2880 644 2927 Harvye
659 2882 699 2915 et
715 2879 903 2915 admissus
923 2882 966 2914 15
985 2879 1076 2914 Maii
1096 2881 1186 2915 1562
