2046 3224
338 188 395 229 64
920 197 1072 229 emen
1102 198 1225 229 Boox
1257 198 1287 229 Δ
1663 187 1886 244 [1549-50

949 611 1274 668 [1549—1550]

170 726 197 764 f.
222 727 272 764 26
292 726 318 764 b
337 725 489 769 Gratie
502 725 595 768 siue
613 724 847 781 peticiones
860 738 1059 766 concesse
1073 723 1118 766 in
1134 723 1262 780 plena
1274 724 1607 781 congregacione
1621 726 1885 782 Regentium

453 801 499 838 et
534 810 619 837 non
656 793 923 850 Regentium
953 809 980 835 a
1011 793 1119 843 festo
1151 793 1290 836 sancti
1322 793 1548 838 Michaelis
1576 810 1691 838 anno
1721 795 1886 838 domini

456 867 569 908 1549
605 879 738 921 vsque
774 863 830 906 ad
866 863 999 906 iidem
1036 863 1196 905 festum
1234 878 1287 906 ex
1323 869 1428 907 tunc
1467 865 1662 922 proxime
1701 881 1887 923 sequens

454 935 633 978 Galtero
674 933 863 976 Haddon
911 933 1056 991 legum
1099 933 1271 976 doctore
1313 939 1418 977 tunc
1465 936 1796 992 procancellario
1842 942 1887 979 et

455 1005 675 1064 magistris
715 1004 900 1060 Georgio
942 1003 1126 1046 Bulloke
1167 1009 1213 1047 et
1254 1003 1471 1062 Phillippo
1511 1005 1655 1070 Baker
1689 1021 1887 1063 procura-

455 1075 631 1119 toribus.
1037 1090 1040 1093 “

820 1203 1129 1246 Bacchalaurei
1160 1203 1204 1245 in
1236 1203 1404 1247 artibus

339 1307 385 1342 In
411 1306 542 1353 primis
566 1306 783 1342 conceditur
809 1306 919 1342 Petro
945 1306 1100 1342 Fostero
1125 1309 1167 1342 vt
1191 1305 1364 1342 vndecim
1389 1306 1541 1342 termini
1565 1318 1651 1343 cum
1676 1320 1720 1344 eo
1745 1309 1784 1344 in
1813 1320 1889 1356 quo

432 1365 752 1401 determinaturus
783 1368 842 1401 est
874 1365 940 1411 qui
977 1364 1185 1400 ordinarias
1216 1364 1395 1401 lectiones
1430 1365 1579 1402 audiuit
1609 1369 1649 1402 et
1679 1366 1890 1414 disputavit

433 1423 700 1471 responditque
722 1423 928 1460 secundum
952 1426 1099 1459 statuta
1121 1423 1221 1470 regia
1242 1423 1432 1460 sufficiant
1453 1424 1507 1460 illi
1525 1423 1572 1461 ad
1590 1425 1889 1472 respondendum

432 1483 620 1530 questioni

339 1543 480 1579 Eadem
500 1543 622 1589 gratia
642 1542 690 1579 de
707 1542 819 1578 verbo
842 1542 881 1578 in
905 1542 1061 1578 verbum
1084 1542 1302 1578 conceditur
1324 1542 1507 1580 Cutberto
1529 1543 1701 1581 Tunstall
1726 1544 1890 1582 Henrico

434 1602 595 1649 Wryght
613 1601 776 1638 Roberto
793 1602 894 1649 Ayre
910 1606 949 1638 et
966 1602 1152 1638 Gulielmo
1171 1601 1375 1638 Harwarde

341 1662 438 1698 Item
468 1661 685 1698 conceditur
713 1661 857 1698 Thome
887 1662 1055 1698 Ricrofto
1084 1665 1127 1697 vt
1155 1661 1351 1698 duodecim
1379 1662 1531 1699 termini
1561 1674 1647 1699 cum
1675 1675 1719 1699 eo
1747 1663 1786 1700 in
1815 1676 1891 1711 quo

433 1723 753 1759 determinaturus
774 1726 832 1759 est
854 1722 919 1770 qui
943 1722 1151 1759 ordinarias
1173 1722 1351 1758 lectiones
1372 1721 1522 1758 audiuit
1543 1726 1583 1759 et
1604 1722 1816 1771 disputauit
1835 1735 1890 1760 re·

433 1780 660 1828 sponditque
686 1781 890 1817 secundum
921 1785 1069 1817 statuta
1094 1781 1196 1828 regia
1223 1780 1413 1817 sufficiant
1438 1780 1493 1818 illi
1517 1780 1564 1817 ad
1590 1781 1889 1829 respondendum

432 1839 622 1886 questioni

342 1899 439 1936 Item
466 1898 683 1935 conceditur
707 1898 924 1934 Tburstono
950 1898 1115 1934 Bartono
1139 1900 1183 1934 vt
1209 1901 1253 1934 12
1278 1898 1430 1934 termini
1456 1898 1495 1934 in
1519 1898 1659 1945 quibus
1684 1899 1892 1937 ordinarias

433 1960 611 1996 lectiones
633 1970 700 2006 per
719 1958 897 1994 maiorem
921 1962 1066 2005 partem
1090 1954 1240 1994 audiuit
1256 1969 1342 1994 cum
1360 1957 1482 1994 tribus
1498 1959 1686 2006 responsis
1702 1959 1891 1996 sufficiant

433 2018 504 2055 sibi
522 2018 570 2054 ad
588 2016 886 2065 respondendum
905 2017 1092 2063 questioni

341 2077 438 2113 Item
451 2075 669 2113 conceditur
679 2076 702 2112 J
706 2075 817 2112 oanni
834 2075 972 2111 Levero
986 2078 1028 2111 vt
1040 2074 1236 2111 duodecim
1250 2074 1401 2110 termini
1415 2074 1590 2121 completi
1604 2075 1670 2122 qui
1684 2075 1892 2113 ordinarias

434 2135 611 2172 lectiones
633 2134 782 2171 audiuit
802 2137 842 2170 et
862 2133 1077 2181 disputauit
1098 2133 1366 2181 responditque
1390 2132 1596 2170 secundum
1621 2137 1768 2171 statuta
1791 2137 1892 2183 regia

434 2194 623 2230 sufficiant
640 2193 692 2229 ini
711 2193 758 2229 ad
776 2192 1077 2240 respondendum
1094 2191 1283 2239 questioni

342 2254 437 2291 Item
460 2252 677 2289 conceditur
699 2252 886 2288 Gulielmo
908 2251 1056 2288 Clidero
1073 2254 1115 2287 vt
1134 2253 1178 2286 12
1202 2250 1352 2286 termini
1375 2261 1461 2286 cum
1485 2262 1528 2286 eo
1551 2250 1588 2287 in
1612 2262 1688 2298 quo
1709 2256 1768 2289 est
1790 2256 1829 2289 ct
1851 2254 1889 2290 in

433 2324 509 2359 quo
526 2311 599 2348 fuit
620 2311 657 2347 in
680 2310 820 2357 quibus
842 2309 1049 2347 ordinarias
1072 2309 1250 2345 lectiones
1274 2321 1338 2356 per
1361 2309 1537 2345 maiorem
1561 2314 1706 2357 partem
1728 2311 1892 2349 audierit

434 2382 519 2407 cum
546 2369 849 2417 oppositionibus
873 2373 912 2405 et
938 2367 1242 2416 responsionibus
1265 2367 1452 2403 sufficiant
1475 2367 1572 2404 eiad
1590 2369 1889 2417 respondendum

433 2430 621 2478 questioni

342 2490 438 2527 Item
471 2487 689 2525 conceditur
721 2487 863 2524 Thome
898 2486 1020 2524 Fowle
1049 2490 1091 2522 vt
1123 2485 1250 2522 decem
1285 2485 1436 2522 termini
1470 2486 1645 2534 completi
1679 2487 1718 2524 iu
1751 2488 1892 2535 quibus

433 2547 641 2585 ordinarias
657 2547 834 2584 lectiones
852 2559 917 2595 per
933 2547 1110 2583 maiorem
1130 2549 1275 2594 partem
1299 2544 1461 2582 audierit
1482 2557 1567 2582 cum
1591 2548 1890 2595 oppositionibus

432 2612 472 2645 et
489 2608 794 2655 reslmnsionibus
813 2608 1005 2655 requisitis
1022 2606 1211 2643 sufficiant
1227 2606 1259 2642 ei
1278 2605 1325 2642 ad
1344 2605 1643 2654 respondendum
1661 2609 1848 2654 questioni

342 2669 437 2706 Item
456 2665 672 2704 conceditur
687 2666 867 2703 Nicholw
880 2666 1054 2713 Simpson
1070 2669 1112 2701 vt
1124 2664 1319 2701 duodecim
1333 2664 1483 2701 termini
1503 2665 1540 2701 in
1558 2664 1696 2712 quibus
1714 2665 1890 2704 lectiones

434 2725 642 2764 ordinarias
658 2724 808 2762 audiuit
827 2737 892 2773 per
909 2725 1086 2761 maiorem
1105 2728 1248 2772 partem
1269 2723 1306 2759 in
1325 2726 1406 2760 toto
1422 2735 1507 2760 cum
1532 2724 1830 2771 oppositionibus
1852 2731 1890 2763 et

435 2784 739 2834 renlmnnionibus
757 2783 949 2832 requisitis
967 2783 1156 2819 sufficiant
1172 2783 1205 2819 ei
1222 2781 1270 2819 ad
1287 2781 1586 2830 respondendum
1602 2784 1789 2831 questioni

341 2845 480 2882 Eadem
515 2844 635 2891 grstia
667 2842 714 2879 de
747 2841 858 2878 verbo
893 2842 930 2878 in
965 2840 1118 2878 verbum
1153 2840 1370 2878 conceditur
1404 2840 1540 2877 Brinno
1574 2840 1719 2889 Baynes
1751 2842 1889 2881 ,Ioanni

436 2903 649 2941 Amhoumo
673 2906 712 2939 et
736 2901 872 2938 Joanni
900 2900 1074 2938 uod-alre
