2002 3236
310 154 365 196 16
892 164 1045 197 emon
1075 165 1200 197 BOOK
1232 165 1262 196 Δ
1638 151 1860 209 [1543-44

401 268 581 304 mittatur
611 271 692 304 tam
718 268 766 304 ad
795 267 1060 316 opponendum
1089 279 1203 314 quam
1233 267 1452 304 intrandum
1485 267 1533 304 ad
1561 266 1744 314 placitum
1772 266 1862 300 ante

402 326 573 373 proxima
601 326 795 362 commitia

309 385 454 421 Eadem
478 386 601 432 gratia
624 386 671 422 de
696 385 809 422 verbo
834 386 874 421 in
900 384 1057 421 verbum
1082 384 1299 420 conceditur
1322 384 1500 431 magistro
1525 383 1678 431 Orosley

309 444 408 480 Item
425 444 643 481 conceditur
656 445 836 492 magistro
849 444 992 480 Barker
1003 443 1189 480 sacellano
1202 443 1366 490 episcopi
1379 443 1623 479 Oicestrensis
1635 445 1678 478 vt
1690 441 1860 477 studium

403 515 468 539 sex
484 515 670 540 annorum
691 504 732 539 in
751 503 939 549 theologia
958 505 1159 549 postquam
1177 502 1360 548 inceperit
1379 502 1419 537 in
1442 501 1589 537 artibus
1612 512 1698 537 cum
1714 499 1861 536 duobus

404 562 639 598 sermonibus
655 574 729 598 vno
751 562 799 598 ad
823 562 964 598 clerum
981 561 1099 597 altero
1116 561 1164 597 ad
1182 572 1330 597 crucem
1348 560 1454 596 Pauli
1477 563 1517 596 et
1533 571 1606 596 vna
1622 559 1862 606 responsione

403 621 462 657 vel
491 621 662 668 pluribus
686 621 718 657 si
745 621 944 667 exigantur
969 619 1043 655 sub
1071 631 1168 666 pena
1200 619 1388 655 cautionis
1421 618 1532 654 realis
1564 618 1614 653 x1⁸
1645 616 1863 664 deponendo

404 679 444 715 in
469 679 645 716 manibus
669 683 956 727 procuratorum
984 683 1190 726 antequam
1220 678 1449 714 admittatur
1477 678 1639 714 sufficiat
1666 677 1700 714 ei
1725 677 1773 713 ad
1798 689 1861 724 op-

404 738 619 785 ponendum
651 739 692 775 in
724 739 912 785 theologia
944 743 983 775 et
1016 738 1238 774 intrandum
1270 738 1310 773 in
1345 737 1460 773 libros
1499 737 1773 773 sententiarum
1807 736 1862 771 sic

405 796 507 843 quod
528 797 756 833 admittatur
771 796 819 833 ad
841 796 1108 844 opponendum
1125 800 1164 833 et
1186 795 1406 832 intrandum
1423 800 1463 832 et
1479 796 1598 832 intret
1613 795 1661 832 ad
1681 795 1863 842 placitum

404 855 475 891 hoc
491 867 590 891 anno
606 858 646 891 et
662 867 738 891 non
755 857 931 892 teneatur
946 855 995 891 ad
1011 855 1225 891 vlteriorem
1245 854 1489 891 residentiam

313 914 412 950 Item
439 913 656 950 conceditur
682 915 862 960 magistro
890 914 1035 950 Thome
1061 914 1220 961 Smythe
1246 914 1292 950 de
1317 913 1469 960 collegio
1497 913 1599 949 Petri
1623 916 1666 949 vt
1692 912 1862 949 studium

403 973 534 1010 decem
565 985 750 1009 annorum
783 973 823 1009 in
855 972 1043 1019 theologia
1075 975 1279 1019 postquam
1323 973 1460 1009 rexerit
1491 984 1579 1008 cum
1610 971 1758 1008 duobus
1790 982 1864 1007 ser-

405 1032 580 1068 monibus
604 1045 679 1068 vno
702 1032 751 1069 ad
775 1031 918 1068 clerum
941 1032 1061 1068 altero
1084 1031 1133 1068 ad
1157 1043 1306 1068 crucem
1332 1031 1439 1067 Pauli
1462 1043 1548 1067 cum
1578 1031 1688 1066 vnica
1713 1041 1863 1076 respon-

405 1091 509 1126 sione
526 1092 694 1138 proximo
710 1103 811 1127 anno
824 1090 998 1126 habenda
1013 1090 1085 1126 sub
1103 1102 1199 1137 pena
1216 1102 1288 1126 xxx
1295 1102 1324 1127 s.
1339 1090 1379 1125 in
1392 1089 1568 1126 manibus
1582 1092 1865 1136 procuratorum

405 1149 578 1196 ponenda
599 1152 805 1196 antequam
828 1149 1060 1185 admittatur
1075 1149 1124 1185 ad
1141 1148 1365 1185 intrandum
1382 1148 1546 1185 sufficiat
1561 1149 1595 1184 ei
1612 1147 1660 1184 ad
1677 1159 1865 1195 opponen-

403 1208 494 1244 dum
523 1209 562 1244 in
586 1208 775 1255 theologia
798 1210 838 1244 et
861 1207 910 1244 ad
939 1207 1161 1244 intrandum
1187 1207 1227 1243 in
1257 1206 1374 1243 libros
1403 1207 1676 1243 sententiarum
1702 1209 1741 1242 et
1764 1206 1864 1254 quod

405 1267 527 1314 possit
543 1266 699 1303 admitti
715 1266 764 1302 ad
781 1265 1047 1313 opponendum
1065 1269 1104 1302 et
1125 1265 1348 1302 intrandum
1371 1268 1460 1302 ante
1482 1265 1652 1312 proxima
1673 1265 1866 1301 commitia

405 1329 446 1361 et
467 1326 506 1361 in
531 1325 625 1372 ipsis
646 1325 853 1361 commitiis
875 1325 935 1361 vel
956 1324 1017 1360 die
1040 1325 1214 1371 sequenti
1242 1324 1360 1360 intret
1386 1324 1425 1360 in
1451 1323 1566 1360 libros
1591 1324 1866 1360 sententiarum

404 1386 445 1420 et
471 1384 536 1420 illa
560 1396 635 1420 vna
662 1383 774 1420 lectio
806 1383 970 1420 sufficiat
1003 1394 1072 1419 nec
1104 1387 1282 1419 teneatur
1312 1382 1360 1419 ad
1389 1382 1601 1419 vlteriorem
1626 1382 1867 1419 residentiam

406 1447 495 1491 post
519 1443 601 1480 eius
625 1443 826 1479 introitum

193 1556 218 1596 f.
242 1557 264 1595 7
278 1568 304 1595 a
324 1560 420 1596 Item
438 1557 656 1595 conceditur
672 1558 859 1595 Gulielmo
883 1557 968 1605 Byll
991 1561 1034 1593 vt
1055 1557 1226 1594 studium
1248 1561 1393 1604 septem
1417 1569 1601 1594 annorum
1624 1557 1663 1592 in
1686 1556 1871 1604 theologia

415 1621 616 1665 postquam
633 1618 770 1654 rexerit
785 1629 872 1654 cum
885 1617 995 1653 vnica
1012 1616 1253 1664 responsione
1269 1620 1359 1652 ante
1371 1617 1510 1653 festum
1524 1615 1694 1652 Barnabe
1705 1617 1872 1663 proxime

415 1678 587 1713 futurum
604 1677 777 1713 habenda
798 1675 869 1712 sub
885 1688 983 1723 pena
999 1676 1050 1712 xl·
1066 1676 1106 1712 in
1123 1675 1299 1712 manibus
1314 1678 1599 1722 procuratorum
1615 1674 1871 1722 ponendorum

416 1739 505 1772 ante
536 1736 618 1772 eius
648 1735 916 1772 admissionem
941 1737 1091 1778 etcum
1116 1733 1264 1770 duobus
1292 1733 1529 1770 sermonibus
1556 1745 1630 1769 vno
1655 1733 1703 1770 ad
1731 1733 1873 1770 clerum

416 1794 535 1831 altero
563 1794 611 1830 ad
640 1805 787 1830 crucem
822 1793 929 1829 Pauli
963 1792 1127 1829 sufficiat
1155 1793 1189 1828 ei
1216 1791 1265 1828 ad
1292 1791 1556 1840 opponendum
1584 1796 1623 1828 et
1656 1791 1873 1828 intrandum

418 1853 457 1889 in
479 1853 595 1889 libros
615 1853 891 1889 sententiarum
914 1852 969 1888 ita
990 1854 1034 1888 vt
1052 1851 1282 1888 admittatur
1303 1854 1382 1887 tam
1405 1850 1454 1887 ad
1477 1849 1741 1898 opponendum
1757 1862 1873 1898 quam

419 1911 638 1949 intrandum
655 1910 806 1958 quando
823 1910 986 1946 voluerit

326 1972 423 2008 Item
452 1970 669 2007 conceditur
696 1970 877 2017 magistro
903 1969 1017 2005 Skott
1046 1971 1090 2004 vt
1117 1967 1288 2004 studium
1317 1978 1382 2004 sex
1406 1978 1591 2003 annorum
1620 1967 1660 2003 iu
1687 1966 1874 2015 theologia

420 2033 619 2078 postquam
646 2029 784 2066 rexerit
815 2040 902 2065 cum
928 2027 1076 2064 duobus
1099 2026 1334 2064 sermonibus
1356 2038 1430 2063 vno
1454 2026 1502 2063 ad
1525 2026 1664 2063 clerum
1686 2026 1805 2063 altero
1827 2027 1874 2063 ad

420 2102 567 2126 crucem
593 2089 698 2126 Pauli
721 2092 760 2125 et
782 2100 868 2125 cum
887 2100 960 2125 vna
982 2087 1223 2135 responsione
1239 2085 1299 2123 vel
1321 2084 1492 2133 pluribus
1508 2085 1541 2122 si
1558 2085 1754 2132 exigantur
1775 2097 1875 2122 anno

424 2150 594 2197 proximo
631 2149 726 2184 citra
760 2147 900 2183 festum
937 2145 1079 2182 Pasche
1112 2144 1184 2182 sub
1217 2156 1314 2193 pena
1348 2144 1397 2180 xl·
1427 2143 1599 2192 ponenda
1631 2144 1670 2180 in
1704 2144 1879 2180 manibus

422 2212 704 2256 procuratorum
731 2210 936 2253 antequam
965 2204 1195 2242 admittatur
1223 2204 1386 2241 sufficiat
1414 2204 1447 2240 ei
1472 2203 1520 2240 ad
1544 2202 1808 2251 opponendum
1837 2207 1876 2240 et

423 2266 640 2303 intrandum
664 2266 702 2302 in
725 2265 840 2302 libros
862 2265 1136 2301 sententiarum
1163 2263 1217 2300 sic
1244 2262 1345 2310 quod
1374 2261 1601 2299 admittatur
1629 2265 1709 2299 tam
1735 2262 1782 2299 ad
1811 2274 1875 2310 op·

425 2325 637 2373 ponendum
655 2335 770 2371 quam
789 2322 1008 2360 intrandum
1025 2323 1120 2359 citra
1136 2321 1329 2358 commitia
1345 2320 1514 2369 proxima

332 2385 427 2421 ltmn
461 2382 677 2420 conceditur
711 2381 874 2418 Roberto
907 2381 1034 2417 Evaus
1066 2380 1257 2429 preposito
1292 2379 1435 2426 collegii
1468 2378 1556 2415 diue
1589 2378 1807 2426 Magdalene
1836 2383 1878 2416 vt

423 2443 592 2481 studium
610 2442 738 2479 decem
755 2452 940 2478 annorum
959 2441 997 2477 in
1016 2440 1202 2488 theologia
1218 2444 1304 2488 post
1320 2439 1401 2475 eius
1417 2438 1614 2475 introitum
1633 2438 1671 2475 in
1695 2438 1753 2475 ius
1770 2439 1879 2476 ciuile

424 2503 543 2540 Oxoni
568 2514 653 2539 cum
671 2500 818 2537 duobus
841 2499 1077 2537 sermonibus
1094 2511 1167 2535 vno
1184 2498 1231 2535 ad
1249 2498 1388 2535 clerum
1406 2497 1523 2534 altero
1545 2496 1591 2534 ad
1608 2509 1754 2534 crucem
1773 2498 1877 2534 Pauli

424 2566 462 2599 ct
480 2574 553 2598 vnn
575 2560 814 2608 responsione
835 2563 924 2596 ante
941 2559 1080 2595 festum
1104 2557 1243 2595 Pasche
1267 2557 1477 2606 proximum
1499 2555 1671 2593 habenda
1691 2556 1763 2593 sub
1782 2568 1879 2604 pena

426 2622 475 2658 xl·
501 2622 537 2657 in
565 2618 739 2656 inanibus
764 2620 1046 2666 procuratorum
1074 2616 1247 2664 ponenda
1270 2615 1433 2652 sufficiat
1459 2615 1492 2652 ei
1520 2614 1567 2651 ad
1594 2615 1811 2653 intrandum
1839 2617 1877 2653 in

425 2680 539 2717 libros
562 2678 837 2716 sententiarum
863 2677 917 2714 nic
937 2675 1038 2725 quod
1060 2675 1289 2713 admittatur
1310 2678 1388 2712 tam
1411 2674 1459 2711 ad
1482 2674 1743 2723 opponendum
1762 2687 1876 2723 quam

428 2737 645 2775 intrandum
673 2735 719 2773 ad
746 2735 926 2784 placitum
951 2747 1025 2772 non
1049 2733 1225 2771 obstante
1247 2736 1394 2770 statuto
1410 2736 1449 2770 et
1471 2732 1586 2770 etiam
1604 2733 1655 2770 sit
1676 2733 1723 2770 de
1738 2734 1879 2780 gremio

426 2796 642 2834 achademie
660 2794 814 2845 perinde
830 2795 906 2832 acsi
931 2794 1088 2832 rexisset
1112 2794 1149 2831 in
1172 2792 1319 2830 artibus
1338 2793 1392 2829 sio
1408 2791 1508 2840 quod
1526 2791 1649 2829 soluat
1665 2791 1880 2830 achademie

428 2862 488 2893 u·
