2008 3216
327 196 383 235 80
923 206 1073 237 GRACE
1106 207 1228 237 Boox
1261 206 1290 237 Δ
1655 195 1875 251 [1551-52

822 483 1132 526 Bacchalaurei
1164 482 1385 540 theologie

327 597 372 632 In
389 597 522 644 primis
538 596 755 632 conceditur
771 596 953 643 magistro
972 596 1119 644 Karlyll
1137 598 1179 632 vt
1201 596 1371 632 studium
1390 597 1412 633 7
1428 608 1613 633 annorum
1636 597 1675 632 in
1693 596 1879 643 theologia

418 659 618 703 postquam
646 656 783 692 rexerit
805 656 844 692 in
867 656 1015 692 artibus
1039 668 1114 692 vna
1138 668 1225 692 cum
1247 656 1395 692 duabus
1420 656 1720 704 oppositionibus
1743 659 1782 693 et
1806 668 1883 692 vna·

419 715 658 762 responsione
690 715 766 751 iam
798 714 941 751 habitis
970 718 1009 751 et
1035 715 1154 751 altera
1179 716 1421 763 responsione
1448 719 1538 753 ante
1566 717 1706 753 festum
1738 716 1878 752 Pasche

418 774 630 821 proximum
658 777 698 810 et
721 785 806 810 cum
832 773 1070 810 sermonibus
1093 777 1133 811 et
1157 774 1241 810 aliis
1265 775 1453 811 exercitiis
1477 775 1584 812 iuxta
1607 778 1755 812 statuta
1778 775 1879 822 regia

418 832 611 878 requisitis
628 832 723 868 citra
739 832 934 868 commitia
954 832 1125 879 proxima
1146 831 1329 868 habendis
1351 832 1514 869 sufficiat
1535 833 1569 870 ei
1592 833 1640 870 ad
1657 833 1877 869 intrandum

419 891 457 926 in
475 903 579 927 sacra
595 891 783 938 theologia
800 892 854 927 sic
871 891 972 938 quod
989 891 1110 939 possit
1126 891 1279 927 admitti
1297 891 1345 928 ad
1363 892 1544 939 placitum

326 950 423 986 Item
440 950 657 986 conceditur
673 950 853 997 magistro
871 951 993 997 Levyr
1008 953 1051 986 vt
1070 950 1241 986 studium
1257 953 1280 987 6
1303 962 1488 987 annorum
1511 951 1550 987 in
1569 951 1755 998 theologia
1775 955 1877 999 post-

418 1021 532 1056 quam
555 1010 692 1045 rexerit
715 1009 754 1045 in
777 1009 924 1045 artibus
947 1021 1020 1045 vna
1042 1021 1129 1045 cum
1153 1009 1389 1046 sermonibus
1411 1009 1715 1057 responsionibus
1734 1014 1773 1046 et
1794 1010 1880 1046 aliis

418 1068 605 1104 exercitiis
633 1080 700 1116 per
725 1068 826 1116 regia
850 1071 998 1104 statuta
1022 1069 1215 1116 requisitis
1241 1069 1317 1105 iam
1342 1068 1484 1105 habitis
1507 1073 1547 1106 et
1572 1069 1755 1106 habendis
1782 1070 1879 1106 citra

417 1127 612 1164 commitis.
635 1128 805 1175 proxima
826 1128 989 1164 sufficiat
1010 1128 1045 1165 ei
1069 1128 1118 1165 ad
1143 1128 1365 1165 intrandum
1387 1129 1427 1164 in
1451 1140 1557 1165 sacra
1581 1129 1767 1176 theologia
1817 1129 1878 1165 Ita

417 1187 518 1234 quod
535 1188 655 1235 possit
671 1188 823 1224 admitti
840 1187 889 1224 ad
905 1188 1087 1235 placitum

326 1248 424 1283 Item
442 1247 660 1283 conceditur
682 1247 824 1284 Thome
846 1247 1003 1295 Wylson
1025 1247 1168 1294 collegii
1191 1247 1392 1284 Trinitatis
1409 1251 1451 1283 vt
1467 1247 1636 1284 studium
1655 1250 1675 1285 7
1693 1260 1878 1284 annorum

419 1305 458 1341 in
479 1306 665 1352 theologia
687 1310 890 1353 postquam
913 1306 1050 1342 rexerit
1067 1306 1106 1342 in
1129 1305 1276 1342 artibus
1298 1318 1372 1342 vna
1394 1318 1481 1342 cum
1503 1307 1802 1354 oppositionibus
1823 1320 1879 1344 re-

418 1364 684 1411 sponsionibus
716 1368 756 1401 et
788 1364 1030 1400 concionibus
1062 1376 1129 1412 per
1160 1365 1262 1411 regia
1297 1368 1444 1401 statuta
1479 1365 1671 1412 requisitis
1707 1378 1752 1402 ac
1783 1366 1879 1403 citra

419 1423 613 1458 commitia
645 1422 815 1469 proxima
846 1422 1082 1470 perficiendis
1114 1423 1278 1459 sufficiat
1303 1423 1337 1459 ei
1370 1423 1419 1460 ad
1451 1423 1668 1460 intrandum
1702 1424 1740 1460 in
1774 1436 1880 1461 sacra

419 1482 605 1529 theologia
655 1482 717 1518 Ita
740 1481 841 1529 quod
866 1482 986 1529 possit
1010 1482 1162 1518 admitti
1187 1482 1235 1518 ad
1260 1482 1442 1530 placitum

326 1541 424 1577 Item
442 1540 659 1576 conceditur
675 1544 717 1576 vt
733 1541 910 1576 exercitia
931 1553 1005 1588 que
1028 1541 1103 1576 iam
1128 1544 1332 1588 supersunt
1354 1541 1475 1578 eidem
1498 1542 1645 1578 racione
1660 1542 1797 1589 gradus
1819 1542 1878 1579 sui

418 1600 557 1637 differri
576 1600 723 1647 possint
740 1600 778 1636 in
796 1600 1008 1648 proximum
1026 1600 1169 1636 annum
1186 1601 1366 1647 quoniam
1382 1600 1477 1637 citra
1497 1601 1667 1648 proxima
1687 1601 1881 1638 commitia

419 1660 499 1695 sine
516 1659 680 1695 maximo
696 1671 764 1695 suo
781 1658 1016 1695 incommodo
1032 1658 1162 1695 adesse
1179 1671 1253 1695 non
1271 1662 1396 1706 potest

158 1716 184 1755 f.
210 1718 260 1756 32
281 1717 307 1754 b
326 1719 425 1756 Item
451 1718 669 1755 conceditur
697 1719 876 1765 magistro
909 1718 1050 1765 Copley
1080 1721 1123 1754 vt
1154 1718 1325 1755 studium
1355 1721 1375 1756 7
1409 1730 1592 1755 annorum
1626 1719 1665 1755 in
1694 1719 1879 1766 theologia

418 1782 618 1825 postquam
645 1778 782 1814 rexerit
807 1778 846 1813 in
870 1777 1017 1813 artibus
1040 1789 1115 1813 vna
1137 1789 1223 1813 cum
1246 1777 1483 1814 sermonibus
1505 1777 1803 1825 opmsitionibus
1825 1790 1880 1815 re-

417 1837 682 1884 sponsionibus
714 1839 754 1873 et
779 1836 864 1872 aliis
893 1836 1079 1873 exercitiis
1106 1847 1172 1883 per
1199 1836 1296 1883 regia
1325 1839 1472 1872 statuta
1501 1836 1692 1883 requisitis
1716 1840 1755 1874 et
1778 1849 1878 1874 anno

419 1897 588 1944 proximo
621 1895 692 1932 sub
725 1908 823 1943 pena
854 1896 1043 1932 caucionis
1076 1895 1187 1932 realis
1220 1895 1283 1942 iijn
1316 1895 1486 1943 ponende
1519 1896 1558 1931 iu
1588 1895 1764 1932 manibus
1795 1908 1876 1943 pro-

417 1958 632 1991 curatorum
656 1959 861 2003 antequam
884 1955 1112 1992 admittatur
1135 1954 1370 2002 perficiendis
1392 1955 1554 1992 sufficiat
1570 1956 1603 1992 ei
1625 1956 1673 1992 ad
1690 1968 1877 2004 opponen-

417 2014 507 2051 dum
525 2018 564 2050 et
581 2014 801 2051 intrandum
819 2015 856 2051 in
875 2026 980 2051 sacra
997 2014 1184 2062 theologia

931 2278 997 2322 De
1028 2279 1280 2324 doctoribus

952 2399 1005 2443 In
1039 2400 1255 2445 medicina

329 2500 371 2535 In
403 2500 548 2547 primus
579 2501 797 2539 conceditur
828 2502 981 2539 domino
1012 2503 1182 2550 Langton
1210 2507 1254 2541 vt
1278 2504 1447 2542 studium
1481 2509 1520 2542 et
1552 2507 1716 2554 practica
1743 2519 1878 2546 novem

419 2570 603 2596 annorum
637 2560 675 2597 in
703 2560 889 2598 medicina
913 2561 973 2598 hic
998 2568 1038 2599 et
1065 2562 1223 2600 Londini
1251 2568 1337 2611 post
1363 2563 1520 2611 gradum
1549 2564 1878 2603 bacchalatusatus

420 2622 636 2666 susceptum
659 2630 732 2655 vna
754 2630 840 2656 cum
863 2620 1067 2657 anatomiis
1089 2620 1387 2669 oppositionibus
1409 2622 1712 2670 responsionibus
1731 2626 1771 2661 et
1794 2624 1879 2662 aliis

419 2676 606 2713 exercitiis
631 2688 697 2725 per
720 2681 867 2715 statuta
891 2678 992 2726 regia
1020 2679 1213 2727 requisitis
1237 2679 1399 2717 sufficiat
1422 2680 1456 2718 ei
1481 2680 1528 2718 ad
1555 2681 1807 2730 incipiendum
1837 2684 1876 2721 in

421 2734 550 2772 eadem
577 2735 757 2773 facultate
