2008 3294
127 182 344 239 1575-76]
708 191 859 223 emer.
890 190 1014 222 Boon
1045 189 1075 221 Δ
1591 175 1674 216 285

740 717 1073 775 [1575-1576]

130 864 293 907 Gratiae
333 864 424 907 sive
460 863 700 921 peticiones
735 877 933 905 concesse
969 862 1015 904 in
1053 862 1182 918 plena
1216 860 1555 918 congregacione
1596 859 1679 901 Re-

247 934 446 990 gentium
494 939 539 976 et
587 948 669 975 non
723 932 987 987 Regentium
1035 946 1062 972 a
1107 931 1218 972 festo
1264 930 1403 972 sancti
1455 928 1682 971 Michaelis

248 1003 492 1060 archangeli
535 1017 648 1045 anno
683 1002 846 1045 domini
892 1001 1002 1044 1575
1047 1015 1179 1057 vsqne
1219 999 1333 1042 idem
1379 999 1538 1041 festum
1576 1004 1683 1040 tunc

249 1073 443 1130 proxime
484 1087 670 1130 sequens
710 1071 912 1114 Johanne
953 1070 1068 1127 Styll
1109 1084 1227 1112 sacre
1271 1069 1487 1126 theologie
1524 1068 1684 1126 profes-

249 1158 343 1186 sore
396 1141 742 1185 vicecancellario
798 1141 986 1183 Thomas
1044 1139 1231 1182 Randall
1282 1145 1328 1182 et
1379 1138 1520 1182 David
1573 1137 1683 1180 Yale

251 1211 601 1270 procuratoribus

137 1357 180 1390 12
204 1354 378 1391 Octobris
400 1354 577 1390 dominus
593 1353 918 1390 vicecancellarius
939 1352 1110 1389 doctores
1135 1352 1254 1388 Kelke
1279 1352 1431 1399 Harvye
1453 1353 1492 1386 et
1519 1349 1687 1386 Hatcher

230 1414 400 1460 magistri
423 1414 535 1450 Some
551 1417 590 1449 et
613 1413 773 1460 Smythe
798 1412 988 1458 Reginalis
1003 1412 1244 1457 assignantur
1265 1414 1380 1458 caput
1397 1414 1551 1446 senatus
1567 1407 1687 1445 futuri

232 1485 322 1509 ann1

137 1533 334 1569 Statutum
359 1532 504 1568 editum
529 1535 567 1568 3⁰
590 1531 814 1567 Novembris
836 1531 1124 1578 procancellario
1143 1530 1294 1566 doctore
1318 1531 1436 1566 Perne
1456 1534 1496 1566 et
1516 1541 1687 1577 procura-

234 1590 380 1627 toribus
403 1591 593 1637 magistris
616 1590 774 1626 Randall
797 1594 836 1626 et
853 1590 946 1626 Yale
994 1591 1118 1635 Quum
1141 1589 1401 1626 iusiurandum
1418 1602 1441 1625 a
1457 1589 1688 1625 scholaribus

235 1650 454 1686 cancellario
482 1650 670 1696 magistris
695 1653 733 1684 et
758 1649 989 1685 scholaribus
1014 1649 1272 1685 vniuersitatis
1295 1648 1531 1694 Cantebrigie
1556 1648 1687 1695 presti-

235 1712 317 1744 tum
341 1712 380 1744 et
403 1708 663 1744 iusiurandum
684 1707 732 1747 ab
755 1708 953 1755 oppidanis
975 1708 1176 1754 prestitum
1199 1708 1329 1743 maiori
1348 1707 1435 1743 ville
1451 1706 1689 1752 Oantebrigie

235 1767 382 1804 ballivis
398 1772 438 1803 et
460 1767 708 1814 burgensibus
729 1767 877 1803 diversa
899 1768 1087 1803 contraria
1108 1771 1148 1803 et
1170 1768 1273 1803 nullo
1295 1767 1406 1803 modo
1428 1767 1690 1803 convenientia

235 1838 316 1862 esse
338 1826 538 1862 videantur
559 1829 599 1862 et
621 1830 747 1862 tamen
774 1827 944 1862 nonnulli
970 1827 1070 1863 haud
1096 1826 1343 1862 formidantes
1367 1826 1520 1873 periurii
1547 1826 1689 1873 pericu-

234 1885 312 1921 lum
341 1897 415 1920 non
444 1885 499 1920 ita
527 1884 673 1932 pridem
699 1886 868 1931 vtrisque
897 1885 1008 1921 fidem
1038 1897 1146 1921 suam
1175 1885 1419 1921 astrinxerint
1446 1885 1484 1920 in
1512 1896 1690 1931 magnum

235 1944 446 1980 animarum
467 1956 619 1980 suarum
641 1945 850 1991 periculum
867 1948 906 1980 et
924 1945 1129 1980 multorum
1149 1944 1391 1980 offensionem
1443 1944 1568 1979 Placet
1585 1943 1691 1980 vobis

237 2007 279 2039 vt
307 2003 445 2049 singuli
470 2003 536 2049 qui
564 2006 632 2039 aut
661 2015 761 2039 nunc
788 2006 878 2038 sunt
902 2006 970 2039 aut
995 2004 1060 2050 qui
1091 2004 1130 2038 in
1159 2006 1351 2050 posterum
1380 2003 1498 2039 futuri
1527 2007 1618 2039 sunt
1646 2015 1691 2039 ex

237 2061 377 2107 gremio
410 2061 669 2097 vniuersitatis
701 2062 767 2107 qui
800 2062 958 2109 posthac
998 2062 1141 2109 accepti
1183 2061 1351 2098 beneficii
1384 2066 1423 2098 et
1456 2063 1691 2100 educacionis

237 2121 473 2157 immemores
495 2133 535 2157 se
557 2133 624 2168 per
645 2124 921 2157 sacramentum
940 2134 1051 2158 suum
1068 2123 1333 2158 communitati
1351 2123 1437 2158 ville
1454 2123 1692 2170 Canoebrigie

239 2180 362 2227 (quasi
379 2180 419 2215 in
435 2180 548 2216 aliam
565 2181 748 2217 coloniam
762 2181 998 2227 traducendi)
1012 2182 1281 2218 consociabunt
1297 2186 1480 2229 tanquam
1493 2183 1692 2229 degeneres

237 2240 304 2276 filii
329 2239 377 2276 ab
402 2241 503 2276 omni
530 2241 710 2277 societate
736 2242 929 2288 privilegio
955 2246 994 2278 et
1019 2242 1198 2288 gradibus
1225 2243 1451 2279 scholarium
1481 2244 1562 2290 ipso
1591 2244 1692 2280 facto

238 2300 435 2347 priventur
482 2300 534 2336 Et
550 2301 650 2347 quod
668 2302 992 2338 vicecancellarius
1015 2314 1082 2349 pro
1104 2305 1272 2349 tempore
1294 2304 1458 2339 existens
1475 2305 1691 2349 (postquam

238 2359 310 2395 sibi
338 2360 546 2396 innotuerit
570 2361 733 2408 aliquem
758 2362 934 2409 deinceps
959 2363 1169 2409 prestitisse
1194 2362 1408 2398 huiusmodi
1439 2363 1692 2399 iuramentum

239 2418 432 2455 fidelitatis
478 2420 564 2455 ville
606 2420 844 2467 Oantebrigie
890 2421 1072 2468 predicte)
1114 2422 1152 2457 in
1198 2422 1366 2468 proxima
1408 2422 1694 2468 congregacione

242 2477 465 2523 Regentium
496 2481 536 2514 et
570 2491 645 2514 non
685 2480 908 2526 Regentium
950 2480 1099 2526 publice
1139 2480 1402 2527 pronuntiabit
1442 2481 1692 2527 privacionem

240 2536 447 2583 predictam
479 2537 707 2584 Regentibus
733 2543 773 2574 et
799 2551 873 2574 non
905 2540 1135 2586 Regentibus
1164 2543 1255 2575 tunc
1284 2539 1522 2586 presentibus
1583 2541 1633 2575 Et
1661 2541 1693 2575 si

241 2595 435 2642 contingat
471 2597 634 2644 aliquem
672 2598 946 2644 oppidanorum
983 2598 1177 2634 libertates
1213 2599 1407 2646 privilegia
1442 2603 1510 2634 aut
1541 2611 1693 2635 cousue-

241 2654 392 2691 tudines
409 2656 669 2692 vniuersitatis
691 2658 910 2704 impugnare
926 2662 994 2693 aut
1015 2670 1166 2704 gravem
1190 2658 1499 2704 ingratitudinem
1516 2658 1695 2694 adversus

239 2712 469 2750 academiam
489 2715 675 2751 scholares
691 2719 759 2751 aut
775 2728 904 2751 eorum
921 2716 1082 2752 famulos
1098 2716 1273 2752 exhibere
1289 2721 1328 2752 et
1344 2728 1458 2763 super
1473 2717 1543 2752 hoe
1559 2717 1695 2753 iuditio

241 2775 519 2820 procancellarii
553 2776 705 2812 maioris
738 2777 857 2823 partis
890 2777 1165 2824 prepositorum
1196 2776 1433 2823 collegiorum
1465 2780 1504 2812 et
1535 2771 1694 2813 aliorum

241 2832 438 2869 doctorum
472 2837 563 2870 tunc
592 2835 631 2870 in
659 2835 904 2871 vniuersitate
934 2835 1166 2882 presentium
1200 2835 1394 2871 convictus
1427 2835 1542 2870 fuerit
1574 2836 1695 2882 placet

243 2890 348 2929 vobis
374 2895 416 2930 vt
445 2904 531 2930 cum
560 2893 775 2930 huiusmodi
805 2894 953 2942 ingrato
981 2905 1048 2929 seu
1076 2894 1235 2942 ingratis
1264 2893 1391 2930 nullus
1419 2893 1599 2931 scholaris
1627 2898 1695 2931 aut
