2008 3216
330 132 413 173 146
910 140 1062 171 GRACE
1093 140 1217 171 BOOK
1249 140 1279 171 Δ
1657 131 1876 186 [1560-61

328 246 470 282 Eadem
502 246 624 292 gratia
652 257 738 281 cum
767 248 809 280 ll
845 245 1018 281 terminis
1046 244 1264 280 conceditur
1290 244 1420 280 eodem
1449 245 1508 282 J0.
1535 245 1714 292 Grundye
1738 245 1881 281 Thome

423 305 573 340 Draunt
600 304 691 340 Rob.
728 304 817 340 Hall
852 303 943 339 Rob.
978 304 1002 339 J
1005 315 1123 339 onson
1158 303 1323 339 Roberto
1356 304 1516 351 Smythe
1544 304 1645 351 Step.
1680 304 1882 352 Cardynall

425 363 502 398 Ric.
531 363 663 398 Mason
690 363 782 398 Tho.
810 362 840 396 F
841 362 946 397 arfax

329 421 471 457 Eadem
499 421 620 467 gratia
648 420 866 456 conceditur
897 431 983 456 cum
1016 423 1057 456 ll
1095 420 1269 456 terminis
1301 432 1388 456 cum
1414 421 1577 457 termino
1602 421 1642 457 in
1669 433 1744 468 quo
1771 421 1878 458 Edm.

424 480 542 516 Rocrc

328 539 470 575 Eodem
488 539 704 574 conceditur
720 538 847 574 eadem
873 538 995 584 gratia
1018 550 1104 574 cum
1131 541 1175 574 10
1197 539 1371 574 terminis
1390 539 1414 575 J
1417 551 1449 576 0.
1474 539 1619 574 Beacon
1636 539 1694 575 W.
1714 539 1879 586 Gylbard

424 601 470 634 26
504 597 697 633 Februarii
731 597 862 632 eadem
889 597 1011 643 gratia
1036 597 1255 634 conceditur
1285 610 1371 633 cum
1403 601 1446 633 12
1473 598 1645 638 terminis
1673 599 1731 635 Jo.
1763 599 1881 647 Owyn

424 657 567 693 Simoni
594 657 770 692 Bullocke
793 655 840 691 ad
864 655 1195 692 determinandum
1218 668 1304 692 cum
1329 656 1462 692 ceteris
1485 657 1746 703 questionistis
1769 658 1882 694 huius

423 716 513 751 anni
542 716 597 751 sic
630 718 759 751 tamen
793 717 836 750 vt
867 715 1132 751 examinentur
1159 719 1198 751 et
1230 715 1486 762 approbentur
1513 728 1580 763 per
1610 717 1883 753 examinatores

422 775 536 811 huius
552 775 641 810 anni
658 777 698 810 et
714 777 818 810 stent
834 774 873 809 in
891 774 1036 820 reliqua
1051 774 1337 820 quadragesima
1353 787 1440 810 cum
1457 775 1590 811 ceteris
1606 775 1867 822 questionistis

329 835 471 871 Eadem
489 834 610 880 gratia
626 845 711 869 cum
732 836 777 869 10
794 833 966 868 terminis
982 833 1202 869 conceditur
1218 833 1348 869 eodem
1367 834 1389 870 J
1393 833 1508 869 acobo
1524 834 1698 882 Twaytes

329 894 652 930 Determinatores
676 892 818 938 collegii
845 892 993 938 Regalis
1018 892 1088 927 hac
1113 891 1399 938 quadragesima
1423 892 1562 938 quibus
1583 893 1687 929 nulla
1708 906 1882 931 concessa

423 964 544 999 neque
573 952 694 998 petita
725 954 784 987 est
815 951 938 998 gratia
970 954 1062 987 sunt
1096 951 1310 988 Willelmus
1347 951 1526 999 Wyckam
1558 951 1616 988 Jo.
1651 952 1882 990 Woolwarde

424 1012 513 1058 Rog.
542 1011 698 1046 Browne

167 1219 195 1258 f.
218 1220 269 1259 59
282 1221 309 1258 b
464 1213 580 1255 Ordo
610 1213 877 1256 senioritatis
907 1213 1319 1257 bacchalaureorum
1351 1214 1396 1256 in
1428 1212 1596 1256 artibus
1629 1212 1743 1254 1560

561 1329 758 1376 Vaugham
960 1330 1029 1366 Th.
1048 1329 1185 1378 Smyth
1203 1330 1262 1377 (G.
1281 1329 1312 1366 δι
1329 1330 1386 1376 O.)
1456 1327 1635 1375 Grundye

561 1389 690 1436 Davys
959 1389 1187 1425 Halibreade
1456 1389 1512 1425 W.
1532 1386 1668 1435 Smyth
1687 1386 1762 1433 (T.)

559 1448 582 1484 J
586 1448 751 1484 honeson
959 1448 1118 1496 Gylbert
1456 1446 1598 1484 Holder

560 1508 705 1544 Beacon
961 1508 1123 1555 Holgate
1456 1507 1580 1543 Grene

559 1566 681 1603 Taber
960 1567 1123 1615 Bishope
1455 1565 1645 1602 Oardinall

558 1625 690 1662 Butler
959 1626 1170 1662 Wulwarde
1456 1624 1634 1661 Bullocke

560 1684 752 1721 Leuckner
959 1685 1083 1721 Drant
1453 1683 1670 1719 Thornetou

560 1744 691 1780 Mason
960 1745 1082 1781 Lakes
1457 1744 1559 1780 Lunt

559 1803 733 1851 Skynner
959 1805 1116 1841 Browne
1454 1802 1596 1840 Gibson

557 1863 741 1911 Wyckam
959 1863 1048 1900 Hall
1454 1862 1609 1910 Denbye

559 1923 710 1970 Purifye
958 1922 1132 1970 Byckner
1454 1923 1600 1959 Turner

557 1981 703 2019 Orabbe
957 1982 1101 2019 Scarlet
1452 1982 1623 2018 Barrowe

557 2041 730 2089 Twaytes
958 2041 1158 2088 Hodgeson
1451 2041 1663 2088 Dunnynge

560 2100 718 2136 Randall
958 2100 1107 2137 Towres
1455 2099 1568 2136 Owen

557 2159 721 2196 Stubbes
958 2160 1127 2208 Rockrey
1452 2160 1517 2196 Ro.
1537 2158 1672 2206 Smyth

557 2220 692 2255 Fax-fax
957 2219 1116 2256 Warner
1453 2218 1637 2266 Lynforth

558 2277 741 2314 Howland
956 2279 1059 2327 Ayer
1454 2277 1626 2315 Fletcher

559 2336 740 2384 Hausbye

859 2492 1060 2550 Magistri
1091 2493 1137 2536 in
1168 2491 1338 2536 artibus

320 2608 548 2645 Conceditur
564 2611 626 2645 22⁰
644 2607 868 2645 Novembris
884 2608 1037 2646 domino
1056 2608 1211 2656 Morgan
1230 2611 1272 2645 vt
1292 2609 1328 2645 ix
1346 2608 1499 2645 termini
1522 2612 1608 2656 post
1625 2609 1774 2646 finalem
1791 2600 1885 2646 eius'

414 2667 767 2704 determinationem
803 2667 841 2703 in
874 2667 1014 2715 quibus
1047 2666 1226 2704 lectiones
1258 2666 1467 2704 ordinarias
1498 2667 1648 2705 audiuit
1679 2668 1768 2705 lieet
1796 2680 1871 2705 non

414 2727 567 2763 omnino
583 2726 789 2764 wcundum
811 2726 971 2763 formam
994 2727 1130 2763 statuti
1154 2738 1241 2763 cum
1259 2726 1382 2764 tribus
1407 2726 1711 2775 responsionibus
1727 2731 1765 2764 et
1788 2727 1873 2764 aliis

413 2786 599 2822 exemitiis
629 2796 695 2833 per
725 2785 826 2833 rogia
854 2788 1001 2825 statuta
1027 2785 1221 2834 requisitis
1247 2785 1438 2823 sufficiant
1469 2785 1503 2823 ei
1535 2785 1584 2823 ad
1616 2784 1870 2833 incipiendum

415 2845 452 2881 in
478 2844 624 2881 artibus
