2008 3216
344 175 400 217 98
924 187 1076 220 amca
1106 189 1230 221 Boon
1261 189 1292 221 Δ
1671 179 1894 236 [1553-54

422 339 648 383 Numerus
667 340 1078 385 bacchalaureorum
1101 342 1145 384 in
1169 342 1390 400 theologia
1410 343 1542 386 huius
1563 343 1668 386 anni
1689 343 1817 387 iuxta

973 411 1272 455 senioritatem

563 530 576 553 ¹
584 530 726 566 Pecoke
1031 530 1166 567 Rudde
1448 532 1638 579 Percyvell

578 589 735 625 Bulloke
1028 590 1164 637 Tayler
1446 591 1616 628 Pollarde

578 647 855 685 Christoferson
1030 648 1234 686 Godshalfe
1447 649 1651 697 Atkynson

578 707 707 742 Bovell
1029 708 1201 744 Redman
1447 709 1569 745 Baker

579 766 781 803 Hawfande
1030 767 1201 814 Gogman
1447 768 1574 805 Weale

579 825 731 862 Mox-ton

941 1022 1009 1065 De
1041 1021 1291 1066 doctoribus

339 1149 384 1185 In
409 1148 543 1196 primis
567 1147 786 1184 conceditur
809 1147 955 1184 Thome
974 1148 1134 1185 Watson
1159 1149 1326 1196 prefecto
1351 1148 1494 1196 collegii
1520 1148 1642 1184 sancti
1666 1148 1690 1184 J
1693 1147 1826 1184 oannis
1850 1150 1894 1184 vt

432 1206 603 1243 studium
632 1218 697 1243 sex
725 1219 912 1243 annorum
941 1207 981 1243 in
1010 1207 1198 1254 theologia
1226 1210 1313 1255 post
1341 1207 1423 1244 eius
1455 1207 1655 1244 introitum
1689 1207 1728 1243 in
1761 1206 1892 1244 eadem

432 1266 596 1303 sufficiat
612 1266 646 1302 ei
663 1266 712 1302 ad
729 1266 987 1314 incipiendum
1003 1267 1044 1302 in
1061 1266 1192 1303 eadem
1210 1266 1392 1303 facultate
1463 1266 1733 1314 (Concionatus
1750 1270 1808 1303 est
1825 1278 1894 1314 per

431 1324 624 1361 doctorem
638 1353 646 1361 .
658 1352 667 1360 .
682 1324 860 1361 Bullocke
879 1326 971 1360 1558
1017 1324 1181 1372 maryin)

339 1384 438 1421 Item
461 1384 681 1420 conceditur
702 1383 824 1420 eidem
846 1384 1027 1431 quoniam
1050 1383 1152 1420 varia
1174 1383 1379 1431 grauiaque
1401 1384 1483 1420 eius
1505 1383 1657 1431 negocia
1673 1395 1748 1420 non
1765 1383 1894 1420 sinent

432 1455 520 1480 eum
549 1443 611 1479 hic
639 1443 679 1479 in
707 1443 913 1480 commitiis
940 1443 1072 1479 adesse
1100 1446 1143 1479 vt
1169 1443 1250 1479 eius
1282 1442 1461 1479 admissio
1489 1442 1537 1479 ad
1569 1443 1822 1491 incipiendum
1852 1443 1892 1480 in

433 1501 619 1549 theologia
641 1501 748 1538 iuxta
770 1501 930 1537 formam
952 1501 1058 1549 prius
1074 1513 1098 1537 a
1114 1500 1221 1538 vobis
1243 1513 1458 1538 concessam
1479 1504 1555 1539 stet
1571 1502 1605 1538 ei
1622 1513 1690 1549 pro
1706 1501 1892 1549 completo

430 1561 549 1608 gradu
577 1561 633 1596 ita
660 1560 762 1607 quod
790 1560 1008 1597 conviuium
1036 1572 1124 1597 cum
1150 1560 1285 1597 ceteris
1307 1559 1421 1597 huius
1446 1561 1535 1597 anni
1567 1560 1824 1609 inceptoribus
1850 1561 1890 1598 in

431 1619 636 1656 commitiis
652 1619 814 1656 celebret

338 1678 436 1715 Item
461 1678 679 1715 conceditur
702 1678 882 1725 magistro
909 1678 1098 1726 Langdale
1122 1682 1164 1714 vt
1188 1677 1359 1715 studium
1385 1680 1408 1715 6
1429 1690 1614 1715 annorum
1639 1679 1679 1715 in
1703 1679 1891 1727 theologia

430 1741 517 1786 post
540 1738 622 1774 eius
646 1738 846 1774 introitum
871 1738 911 1774 in
936 1738 1067 1775 eadem
1091 1750 1167 1774 vna
1195 1750 1282 1774 cum
1310 1737 1459 1775 duobus
1485 1737 1720 1775 sermonibus
1745 1751 1818 1776 vno
1841 1739 1890 1776 ad

430 1796 572 1833 clerum
596 1797 866 1833 examinatorio
890 1800 979 1834 ante
1003 1797 1085 1833 eius
1109 1796 1377 1833 admissionem
1397 1796 1516 1834 altero
1538 1796 1586 1833 ad
1608 1808 1756 1834 crucem
1782 1797 1889 1835 Pauli

429 1857 591 1893 sufficiat
607 1857 641 1893 ei
658 1855 706 1892 ad
724 1856 980 1903 incipiendum
997 1857 1036 1892 in
1054 1867 1161 1892 sacra
1177 1856 1365 1903 theologia

338 1916 436 1952 Item
452 1915 671 1952 conceditur
686 1915 807 1952 eidem
821 1918 864 1951 vt
880 1915 1051 1952 studium
1070 1918 1090 1954 7
1104 1927 1289 1952 annorum
1307 1918 1394 1963 post
1405 1915 1487 1952 eius
1498 1915 1656 1964 gradum
1671 1917 1888 1963 susceptum

429 1986 516 2011 cum
545 1987 609 2011 sex
637 1974 871 2011 sermonibus
899 1974 947 2011 ad
976 1975 1158 2023 populum
1186 1974 1399 2022 vbicunque
1427 1973 1616 2011 videbitur
1644 1974 1698 2011 illi
1728 1974 1889 2011 maxime

430 2034 682 2071 necessarium
709 2038 798 2071 ante
827 2034 1021 2071 commitia
1045 2034 1216 2082 proxima
1241 2033 1404 2070 sufficiat
1429 2033 1464 2070 ei
1491 2033 1539 2070 ad
1566 2033 1822 2082 incipiendum
1849 2034 1889 2071 in

429 2092 559 2130 eadem
585 2092 765 2129 facultate
790 2097 829 2129 et
851 2093 1030 2141 quoniam
1057 2093 1132 2130 iam
1157 2092 1248 2129 hero
1269 2104 1338 2129 suo
1362 2092 1570 2129 inserviens
1591 2091 1738 2129 diutius
1759 2092 1889 2130 abesse

429 2165 503 2190 non
540 2153 779 2201 permittitur
809 2153 1111 2201 quandocunque
1143 2153 1290 2189 venerit
1324 2151 1554 2189 admittatur
1585 2152 1639 2188 sic
1671 2152 1771 2199 quod
1808 2153 1890 2190 eius

428 2212 608 2249 admissio
631 2214 709 2249 stet
732 2212 765 2248 ei
792 2223 860 2259 pro
884 2212 1083 2260 completis
1106 2212 1225 2260 gradu
1249 2215 1289 2249 et
1314 2212 1434 2248 forma
1483 2211 1545 2248 Ita
1570 2215 1698 2248 tamen
1721 2214 1764 2249 vt
1788 2211 1888 2250 adsit

429 2270 466 2306 in
484 2270 690 2307 commitiis
705 2274 744 2307 et
760 2271 982 2307 convivetur
998 2283 1084 2307 cum
1101 2271 1256 2319 reliquis
1273 2270 1386 2307 huius
1402 2269 1492 2306 anni

169 2326 194 2365 f.
218 2326 269 2365 39
290 2340 315 2366 a
336 2329 432 2365 Item
455 2328 674 2366 conceditur
696 2329 876 2377 magistro
899 2330 1119 2378 Segeswyke
1137 2332 1179 2366 vt
1195 2328 1364 2367 studium
1386 2329 1503 2366 trium
1524 2339 1710 2368 annorum
1727 2328 1766 2365 in
1784 2329 1887 2366 theo-

427 2388 525 2436 logia
547 2392 633 2437 post
655 2388 737 2425 eius
760 2388 958 2426 introitum
982 2389 1021 2426 in
1045 2389 1175 2426 eadem
1193 2400 1267 2425 vna
1288 2400 1375 2425 cum
1397 2386 1546 2424 duobus
1561 2387 1797 2425 sermonibus
1814 2400 1888 2425 vno

426 2446 474 2484 ad
491 2447 631 2484 clerum
649 2447 920 2484 examinatorio
937 2451 1026 2485 ante
1042 2448 1124 2485 eius
1140 2447 1408 2484 admissionem
1421 2446 1540 2483 altero
1552 2445 1600 2483 ad
1613 2458 1761 2483 crucem
1782 2447 1886 2484 Pauli

425 2506 588 2543 sufficiat
604 2506 637 2543 ei
655 2504 703 2542 ad
721 2505 978 2554 incipiendum
997 2506 1035 2543 in
1053 2518 1160 2543 sacra
1176 2506 1364 2554 theologia

333 2564 430 2602 Item
456 2564 675 2602 conceditur
697 2565 818 2602 eidem
845 2569 887 2602 vt
911 2565 1032 2614 possit
1062 2578 1128 2615 per
1155 2565 1375 2603 hodiernam
1403 2576 1511 2602 suam
1540 2564 1808 2602 admissionem
1837 2566 1885 2603 ad

426 2623 681 2672 incipiendum
705 2625 743 2661 in
767 2636 873 2662 sacra
896 2624 1084 2674 theologia
1105 2636 1186 2663 esse
1205 2624 1404 2661 actualiter
1419 2623 1550 2661 doctor
1566 2624 1605 2660 in
1622 2623 1753 2661 eadem
1771 2625 1884 2662 facul-

426 2687 505 2719 tate
533 2687 573 2720 et
602 2686 644 2720 vt
672 2684 754 2720 eius
781 2695 904 2721 sermo
933 2683 1227 2721 examinatorius
1258 2682 1454 2721 differatur
1481 2682 1535 2719 sio
1563 2682 1665 2731 quod
1696 2683 1762 2720 flat
1790 2683 1886 2721 citra

425 2741 587 2778 natalem
610 2742 759 2779 Domini
775 2742 987 2790 proximum
1000 2746 1040 2780 et
1056 2742 1175 2780 nihilo
1193 2742 1319 2780 minus
1335 2745 1460 2779 servet
1476 2743 1602 2779 actum
1623 2741 1661 2778 in
1679 2742 1884 2779 commitiis

422 2803 463 2837 et
479 2805 602 2837 cetera
620 2806 773 2849 imi-agat
790 2801 896 2839 iuxta
913 2802 1073 2838 formam
1090 2801 1228 2839 statuti

408 2899 419 2921 ¹
443 2899 555 2934 The-e
571 2910 692 2934 name·
708 2910 767 2935 are
783 2900 953 2945 arranged
969 2900 1006 2935 in
1023 2911 1090 2935 one
1106 2901 1247 2935 column
1263 2901 1368 2943 along
1386 2900 1445 2935 the
1461 2899 1595 2934 bottom
1612 2900 1649 2934 ol
1666 2900 1687 2935 f.
1709 2901 1751 2934 88
1768 2910 1800 2933 a.
