1976 3276
137 171 351 229 1571-72]
714 181 865 213 cRAcn
895 181 1016 213 BOOK
1052 182 1078 212 Δ
1597 169 1679 212 257

636 481 846 523 Doctores
878 479 922 522 in
957 477 1177 535 theologia

132 607 358 644 Conceditur
382 612 428 644 23
454 608 544 644 Maii
569 608 748 654 magistro
767 605 955 642 Willelmo
982 604 1100 641 Fulke
1125 606 1166 640 vt
1191 604 1361 640 studium
1385 607 1407 639 5
1430 616 1614 640 annorum
1640 604 1679 639 in

227 667 412 714 theologia
428 667 590 703 maxima
607 678 651 702 ex
674 668 781 713 parte
797 664 1025 711 completum
1043 675 1128 699 cum
1149 662 1452 711 opposicionibus
1474 663 1679 710 responsio-

227 726 338 762 nibus
354 725 588 762 sermonibus
604 725 762 771 aliisque
774 723 960 760 exercitiis
977 734 1043 770 per
1059 725 1206 759 statuta
1218 722 1410 770 requisitis
1426 723 1502 758 iam
1519 722 1681 769 peractis

227 786 388 822 sufficiat
404 786 437 822 ei
458 785 505 822 ad
527 783 784 831 incipiendum
807 783 847 819 in
863 782 994 819 eadem
1012 781 1190 818 facultate
1239 782 1300 818 Sic
1317 786 1360 818 vt
1379 781 1447 818 hec
1464 782 1585 828 gratia
1604 784 1681 818 stet

226 857 293 892 pro
310 845 505 892 completis
525 843 643 891 gradu
658 847 697 879 et
720 843 840 878 forma
856 841 1074 878 doctoratus
1091 841 1130 877 in
1147 840 1276 877 eadem
1299 841 1478 877 facultate
1494 843 1682 888 quatenus

227 904 327 950 regia
353 903 577 939 auctoritate
602 914 688 938 cum
718 914 761 938 eo
789 901 1050 948 dispensatum
1077 904 1136 936 est
1165 900 1219 936 ita
1247 904 1375 936 tamen
1402 904 1445 937 vt
1472 900 1683 936 satisfaciat

227 962 413 998 officiariis
437 964 497 997 etc
545 961 598 996 sic
626 963 667 996 vt
690 959 918 996 admittatur
941 959 989 995 ad
1015 958 1197 1006 placitum
1221 959 1300 995 sive
1324 959 1363 994 iu
1388 958 1580 995 academia
1602 959 1682 994 sive

225 1020 314 1056 alibi
339 1020 387 1056 ab
411 1020 536 1066 aliquo
560 1019 710 1056 doctore
734 1019 902 1055 eiusdem
927 1018 1120 1055 facultatis
1145 1021 1183 1054 et
1212 1022 1451 1066 presentetur
1474 1030 1541 1066 per
1564 1018 1681 1054 alium

226 1078 315 1115 data
341 1079 443 1126 prius
467 1078 538 1114 fide
562 1078 608 1114 de
633 1078 859 1114 auctoritate
883 1077 983 1124 regia
1007 1076 1241 1113 observanda

134 1139 245 1176 Mem.
263 1139 363 1185 quod
380 1151 478 1175 anno
495 1138 637 1175 domini
658 1139 748 1175 1572
765 1137 826 1174 die
842 1148 929 1173 vero
946 1136 1087 1172 mensis
1105 1136 1196 1172 Maii
1215 1139 1260 1172 25
1283 1136 1323 1172 in
1340 1136 1427 1172 aula
1446 1136 1683 1172 serenissime

226 1197 376 1234 domine
393 1196 608 1233 Elizabethe
625 1196 750 1242 regine
766 1207 839 1242 que
859 1198 1014 1232 vocatur
1029 1195 1165 1232 domus
1182 1195 1311 1231 Sancti
1332 1195 1356 1231 J
1358 1194 1464 1231 acobi
1487 1195 1526 1231 in
1548 1195 1683 1231 sacello

228 1256 393 1292 eiusdem
422 1255 557 1292 domus
583 1254 807 1291 venerabilis
835 1254 967 1291 doctor
990 1254 1203 1291 Willelmus
1233 1254 1422 1291 Latimere
1450 1255 1684 1302 presentavit

231 1316 453 1362 magistrum
466 1314 695 1351 Willelmum
709 1314 827 1350 Fulke
840 1326 943 1350 sacre
956 1314 1141 1361 theologie
1159 1313 1469 1351 bacchalaureum
1483 1314 1684 1351 reverendo

229 1374 269 1410 in
287 1374 436 1410 Christo
453 1374 552 1421 patri
568 1376 607 1409 et
623 1373 776 1409 domino
788 1373 931 1409 doctori
950 1373 1150 1410 Edmundo
1163 1374 1305 1410 Freake
1319 1374 1485 1410 Roffensi
1499 1374 1684 1421 Episcopo

183 1459 188 1464 .
230 1435 271 1468 vt
287 1432 512 1468 admittetur
527 1430 574 1467 ad
592 1431 748 1477 gradum
765 1430 983 1467 doctoratus
1000 1431 1040 1467 in
1056 1431 1187 1467 eadem
1204 1431 1385 1468 facultate
1401 1431 1508 1467 iuxta
1523 1431 1684 1467 formam

229 1491 347 1537 gratie
369 1490 442 1526 sibi
464 1489 513 1526 ab
534 1489 725 1526 academia
742 1489 981 1536 Cantebrigie
1003 1502 1175 1526 concesse
1226 1490 1360 1537 Itaque
1377 1490 1425 1526 ab
1442 1490 1572 1527 eodem
1589 1491 1683 1538 epis-

229 1561 320 1596 copo
337 1548 524 1585 admissus
543 1552 601 1584 est
624 1547 714 1584 data
734 1549 839 1595 prius
862 1548 934 1585 fide
950 1548 997 1584 de
1014 1548 1115 1595 regia
1133 1549 1361 1586 auctoritate
1383 1549 1525 1585 tuenda
1546 1553 1684 1586 cetera-

229 1621 302 1655 que
327 1612 479 1656 peracta
507 1620 580 1655 que
606 1607 654 1644 ad
682 1607 832 1654 plenam
860 1608 894 1644 ei
923 1608 1142 1644 doctoratus
1169 1608 1396 1655 dignitatem
1422 1608 1684 1645 conferendam

230 1668 371 1704 faciant
414 1668 530 1703 Prout
542 1667 636 1703 mihi
652 1667 822 1703 Mattheo
836 1667 976 1714 Stokys
989 1666 1136 1703 notario
1151 1667 1302 1714 publico
1314 1670 1354 1704 et
1366 1667 1524 1714 registro
1536 1671 1686 1703 constat

230 1739 295 1774 per
320 1726 592 1763 testimoniales
620 1726 749 1761 literas
774 1725 918 1761 domini
948 1725 1140 1762 Edmundi
1171 1726 1356 1762 Roffensis
1385 1726 1479 1762 mihi
1508 1726 1618 1762 datas
1646 1729 1686 1764 et

230 1797 345 1821 manu
367 1785 533 1821 eiusdem
558 1785 726 1831 signatas
748 1784 787 1820 in
809 1785 997 1831 presentia
1014 1785 1070 1821 W.
1091 1785 1300 1833 Wyckham
1324 1786 1415 1823 Tho,
1434 1785 1685 1832 Willoughbie

234 1844 381 1880 Ricardi
399 1844 636 1880 Ohaundelor
653 1843 806 1880 Roberti
827 1844 962 1880 Dorset
978 1848 1017 1881 et
1034 1845 1211 1881 Willelmi
1229 1845 1252 1881 J
1255 1858 1359 1882 ames

138 1904 363 1941 Conceditur
398 1906 441 1940 19
469 1904 611 1950 Aprilis
640 1904 818 1950 magistro
847 1903 990 1952 [blank]
1017 1905 1223 1952 Whythers
1250 1905 1394 1941 doctori
1429 1905 1613 1952 theologie
1645 1907 1683 1941 in

230 1962 420 1999 academia
448 1961 770 2008 Wittenburgensi
804 1966 845 1998 vt
878 1962 1137 2010 incorporetur
1169 1963 1229 1999 hic
1258 1963 1359 2011 apud
1388 1976 1454 1999 vos
1487 1964 1526 2000 in
1554 1964 1682 2000 eadem

231 2022 410 2058 facultate
459 2014 701 2058 Presentatus
725 2033 792 2068 per
815 2021 1006 2058 doctorem
1031 2022 1243 2070 Whitgyfte
1267 2022 1397 2059 eodem

497 2278 659 2321 Gratiae
688 2292 773 2320 non
803 2283 1112 2321 concernentes
1142 2278 1322 2321 formam

139 2405 365 2442 Conceditur
402 2409 446 2442 10
479 2404 653 2442 Octobris
686 2407 727 2440 vt
763 2404 913 2440 licentie
950 2403 998 2440 ad
1035 2403 1304 2451 predicandum
1336 2418 1509 2442 concesse
1541 2407 1685 2444 doctori

232 2465 368 2511 Young
394 2468 434 2501 et
459 2464 639 2510 magistro
663 2462 786 2500 Slater
810 2463 957 2510 possint
978 2464 1148 2499 renovari
1175 2468 1215 2500 et
1237 2464 1392 2511 sigillari
1415 2466 1537 2512 sigillo
1559 2470 1685 2503 vestro

234 2536 422 2560 commum

141 2584 281 2620 Eadem
309 2584 429 2631 gratia
457 2583 674 2619 conceditur
705 2584 747 2619 17
778 2581 1003 2618 Novembris
1030 2582 1183 2618 Doctori
1212 2583 1332 2619 Kelke
1400 2587 1443 2620 16
1469 2585 1686 2622 Decembris

235 2643 298 2680 W⁰
310 2643 504 2690 Chapman
523 2641 682 2678 Ricardo
698 2641 722 2677 J
724 2640 863 2676 ackson
876 2640 981 2676 Alex.
1002 2641 1087 2688 Kay
1099 2644 1139 2677 et
1151 2641 1175 2677 J
1178 2641 1318 2678 ohanni
1336 2643 1468 2679 Dawes
1485 2644 1524 2679 in
1540 2644 1686 2681 artibus

235 2701 425 2748 magistris
473 2703 517 2736 25
542 2700 565 2736 J
568 2699 715 2736 anuarii
742 2699 852 2734 Petro
877 2698 1008 2734 Shawe
1058 2701 1101 2734 31
1128 2699 1301 2736 Januarii
1327 2700 1358 2735 F
1359 2712 1458 2737 rano.
1485 2702 1686 2739 Garthside

237 2759 399 2796 Roberto
417 2759 542 2806 Rodys
594 2761 636 2794 15
660 2757 852 2794 Februarii
869 2757 892 2793 J
895 2757 1034 2793 ohanni
1052 2757 1262 2805 Brownyng
1278 2758 1316 2794 in
1334 2759 1480 2795 artibus
1497 2762 1688 2808 magistris

235 2823 274 2855 et
291 2821 334 2856 27
354 2819 482 2855 Martii
499 2819 521 2854 J
525 2830 557 2854 0.
573 2818 720 2864 Lynsey
733 2828 835 2852 sacre
851 2816 1037 2864 theologie
1053 2816 1299 2853 bachalaureo
1350 2821 1394 2854 18
1407 2819 1429 2854 J
1433 2821 1578 2856 anuarii
1595 2821 1685 2858 Tho.

238 2878 371 2915 Farfax
388 2878 427 2914 in
444 2877 590 2913 artibus
608 2877 786 2923 magistro

252 2955 285 2983 L.
309 2955 362 2983 lv,
1533 2945 1579 2984 17
