2008 3294
128 174 349 232 1588—89]
724 184 876 218 eRAos
906 184 1031 218 BOOK
1063 186 1093 218 Δ
1590 176 1675 217 439

123 286 350 324 Conceditur
408 288 505 325 Cum
537 291 708 336 tempora
740 288 998 336 sophistarum
1026 287 1352 336 disputacionibus
1380 288 1571 325 destinata
1599 301 1675 324 non

217 348 409 385 sufficiunt
437 349 492 385 eis
520 349 568 385 ad
597 361 640 385 ea
669 349 879 396 peragenda
906 361 980 396 que
1008 361 1076 396 per
1103 352 1250 386 statuta
1277 351 1403 384 vestra
1431 349 1675 395 requiruntur

216 406 339 453 placet
371 406 478 443 vobis
510 409 553 443 vt
585 410 711 443 vestra
742 407 969 443 auctoritate
1001 407 1115 443 liceat
1147 406 1202 442 eis
1235 406 1392 453 singulis
1425 405 1559 442 diebus
1590 418 1676 453 pro-v

217 465 324 500 festis
346 465 460 501 aliam
482 465 784 513 disputacionem
806 466 1006 502 instituere
1027 465 1067 501 in
1089 464 1227 500 scholis
1248 465 1386 501 vestris
1407 464 1675 512 philosophicis

216 523 265 559 ab
281 524 373 560 hora
388 525 503 560 tertia
519 524 775 572 pomeridiana
794 524 841 560 ad
859 528 1035 572 quartam
1053 524 1107 560 sic
1123 527 1166 560 vt
1183 524 1396 560 moderator
1411 524 1508 560 alter
1523 524 1675 560 intersit

216 585 255 618 et
271 582 405 629 viginti
421 582 470 619 ad
486 583 687 620 minimum
703 583 872 631 sophiste

122 640 348 677 Conceditur
379 641 510 678 eodem
542 654 628 678 cum
661 645 834 689 tempora
865 641 915 678 ad
946 641 1254 689 philosophorum
1291 641 1572 688 disputaciones
1608 653 1676 689 per

215 702 363 735 statuta
392 703 518 736 vestra
549 700 746 747 designata
778 712 854 736 non
886 700 1081 736 sufficiunt
1113 700 1321 746 incepturis
1353 700 1393 736 in
1425 699 1572 736 artibus
1604 700 1674 736 hoc
1694 705 1718 743 f,
1745 705 1858 744 160⁸,

215 769 314 793 anno
342 758 467 805 placet
494 757 600 794 vobis
626 762 670 794 vt
695 761 822 795 vestra
850 758 1079 794 auctoritate
1107 758 1248 794 eisdem
1281 759 1487 806 incepturis
1514 758 1674 795 liberum

216 817 267 853 sit
292 817 394 853 omni
421 818 587 865 profesto
610 817 672 854 die
694 817 895 854 cuiuslibet
917 818 1128 865 septimane
1149 818 1189 853 in
1210 818 1372 854 tennino
1394 818 1674 865 disputaciones

215 878 255 911 et
276 876 534 923 responsiones
556 888 643 912 cum
667 877 858 924 magistris
880 876 1167 924 disputantibus
1188 889 1365 924 peragere
1381 880 1461 913 tam
1479 877 1518 913 in
1536 877 1674 913 scholis

215 934 450 982 philosophie
473 946 589 981 quam
616 935 829 971 dialectices
855 934 904 971 ab
930 935 1022 971 hora
1048 946 1148 971 nona
1173 935 1221 971 ad
1245 934 1481 971 vndecimam
1507 939 1675 972 anteme-

215 993 400 1029 ridianam
418 997 458 1030 et
473 993 522 1030 ab
538 994 630 1030 hora
646 995 770 1041 prima
785 994 833 1030 ad
850 994 1005 1030 tertiam
1022 994 1319 1042 pomeridianam
1374 994 1430 1030 Ea
1448 997 1577 1031 tamen
1595 995 1674 1042 lege

215 1055 254 1088 et
278 1052 492 1089 conditione
517 1056 559 1089 vt
588 1057 875 1100 procuratorum
899 1053 996 1089 alter
1018 1064 1064 1089 ex
1090 1052 1247 1089 bedellis
1272 1064 1369 1088 vnus
1395 1053 1546 1090 intersit
1571 1066 1675 1090 more

215 1115 394 1148 consueto
426 1112 616 1149 academie
649 1116 689 1150 et
721 1113 938 1160 questiones
972 1112 1234 1160 respondentis
1266 1112 1429 1160 publicis
1462 1113 1674 1150 scholarum

214 1172 335 1208 valvis
363 1183 451 1208 cum
481 1172 758 1220 subscriptione
791 1173 956 1209 nominis
984 1173 1042 1208 sui
1076 1172 1278 1219 affigantur
1305 1172 1398 1208 hora
1426 1176 1558 1209 octava
1586 1177 1675 1210 ante

215 1230 512 1278 disputationem
535 1234 574 1268 et
596 1231 727 1268 eodem
750 1235 919 1279 tempore
943 1231 1112 1267 bedellus
1135 1242 1271 1267 nomen
1295 1231 1528 1279 disputantis
1549 1232 1673 1268 locum

213 1292 252 1326 et
277 1293 429 1337 tempus
455 1290 640 1337 significet
668 1303 794 1327 coram
824 1291 1023 1327 ordinariis
1052 1291 1256 1327 lectoribus
1285 1290 1434 1338 publice
1462 1291 1673 1338 legentibus

214 1351 253 1385 et
287 1351 331 1384 12
364 1348 411 1384 ad
441 1349 643 1386 minimum
675 1351 816 1386 artium
850 1350 1109 1387 bacchalaurei
1142 1350 1182 1386 in
1216 1349 1411 1387 habitibus
1444 1354 1483 1386 et
1510 1352 1673 1398 caputiis

214 1418 281 1454 per
320 1407 509 1453 integrum
550 1407 824 1455 disputacionis
866 1412 1019 1456 tempus
1061 1409 1242 1445 intersint
1306 1409 1357 1445 Et
1397 1410 1429 1445 si
1469 1410 1671 1456 quicquam

214 1465 480 1512 premissorum
522 1465 807 1511 pretermissum
848 1466 964 1502 fuerit
1003 1469 1096 1502 tunc
1133 1478 1177 1502 ea
1212 1466 1425 1514 disputacio
1465 1479 1533 1514 pro
1570 1467 1673 1503 nulla

214 1522 400 1559 habeatur

119 1582 348 1618 Conceditur
386 1584 430 1619 16
465 1582 682 1619 Decembris
747 1584 842 1620 Cum
881 1595 1062 1620 numerus
1095 1584 1434 1631 questionistarum
1470 1585 1539 1620 hoc
1573 1597 1672 1622 anno

213 1641 558 1688 inaugurandorum
587 1642 680 1678 adeo
710 1654 869 1689 magnus
901 1643 953 1678 sit
986 1646 1030 1679 ut
1063 1654 1138 1678 non
1170 1643 1360 1679 sufficiant
1388 1644 1442 1679 eis
1471 1644 1551 1680 dies
1579 1645 1672 1681 satis

213 1701 326 1738 multi
350 1701 399 1737 ab
423 1701 533 1738 initio
559 1703 719 1749 proximi
743 1703 897 1739 termini
921 1704 969 1738 ad
995 1703 1136 1738 maiora
1158 1703 1312 1739 comitia
1335 1703 1474 1750 quibus
1498 1715 1673 1751 peragere

212 1761 360 1809 possint
387 1765 495 1797 actus
522 1773 610 1798 suos
642 1762 886 1799 scholasticos
911 1774 978 1810 per
1006 1765 1154 1798 statuta
1185 1763 1386 1809 requisitos
1415 1763 1538 1810 placet
1566 1763 1673 1800 vobis

214 1823 257 1856 vt
282 1820 393 1856 liceat
419 1820 561 1856 eisdem
588 1824 714 1857 vestra
740 1821 994 1857 aucthoritate
1023 1824 1062 1857 et
1091 1821 1189 1857 bona
1216 1822 1326 1858 venia
1354 1822 1511 1868 singulis
1540 1822 1672 1859 diebus

215 1881 392 1928 profestis
420 1881 536 1916 etiam
565 1884 672 1917 extra
700 1882 904 1917 terminum
931 1881 1126 1928 disputare
1151 1881 1200 1917 ab
1226 1881 1319 1918 hora
1345 1886 1478 1918 octava
1503 1882 1550 1918 ad
1575 1883 1671 1919 deci·

215 1950 316 1975 mam
345 1939 682 1976 antemeridianam
708 1943 747 1976 et
773 1939 822 1977 ab
848 1940 940 1976 hora
968 1941 1091 1987 prima
1117 1940 1165 1976 ad
1195 1941 1348 1977 tertiam
1377 1941 1671 1988 pomeridianam

214 2002 295 2035 tam
315 1999 355 2034 in
375 1998 502 2034 schola
523 1998 758 2046 philosophie
777 2011 891 2046 quam
913 1999 1126 2036 dialectices
1146 2000 1201 2036 sic
1217 2005 1260 2036 vt
1276 2013 1374 2037 vnus
1394 2001 1671 2037 moderatorum

214 2069 361 2105 semper
382 2057 534 2094 intersit
555 2061 595 2094 et
617 2058 814 2095 duodecim
837 2059 885 2096 ad
906 2060 1033 2096 minus
1048 2060 1240 2097 auditores
1255 2062 1295 2097 et
1311 2061 1528 2108 questiones
1544 2061 1671 2108 dispu-

213 2116 329 2153 tande
353 2117 472 2153 valvis
505 2117 717 2154 scholarum
745 2119 947 2166 affigantur
973 2118 1094 2166 pridie
1119 2130 1195 2166 quo
1221 2119 1350 2156 futura
1373 2123 1432 2156 est
1456 2120 1671 2156 huiusmodi

214 2176 426 2223 disputacio
449 2176 616 2223 alioquin
641 2189 709 2224 pro
733 2177 838 2213 nulla
861 2177 1047 2214 habeatur

119 2235 316 2282 Supplicat
339 2235 476 2270 vestris
499 2236 722 2271 reuerentiis
746 2235 1004 2272 bacchalaurei
1029 2236 1099 2272 hoc
1123 2248 1223 2272 anno
1248 2237 1433 2284 incepturi
1461 2237 1500 2272 in
1525 2237 1672 2273 artibus

214 2296 257 2329 vt
285 2304 371 2328 cum
400 2292 480 2328 dies
505 2293 663 2330 Veneris
691 2299 730 2330 et
759 2294 914 2330 Saturni
943 2294 991 2330 ad
1020 2294 1170 2331 illorum
1198 2295 1298 2331 inter
1325 2307 1366 2331 se
1393 2296 1673 2343 disputaciones

215 2355 254 2387 et
279 2351 571 2388 declamationes
599 2357 751 2400 propter
780 2365 979 2389 numerum
1008 2365 1138 2390 eorum
1165 2366 1239 2390 non
1266 2355 1455 2391 sufficiant
1481 2355 1592 2392 liceat
1618 2357 1673 2391 eis

214 2411 440 2448 auctoritate
457 2415 583 2448 vestra
599 2412 768 2459 quolibet
784 2413 845 2449 die
865 2413 1030 2460 profesto
1049 2413 1098 2450 ad
1118 2414 1412 2460 assignacionem
1433 2414 1671 2451 dominorum

215 2473 501 2518 procuratorum
524 2474 562 2507 et
584 2471 778 2518 disputare
801 2473 840 2508 in
863 2484 932 2508 suo
954 2484 1063 2520 grege
1085 2476 1125 2509 et
1146 2473 1355 2510 declamare
1377 2475 1432 2510 ita
1455 2478 1496 2510 vt
1521 2477 1565 2510 10
1587 2474 1671 2510 bac-

215 2528 401 2565 chalaurei
424 2541 572 2577 semper
591 2530 769 2567 intersint
788 2534 828 2567 et
844 2533 1060 2578 questiones
1079 2532 1306 2580 disputande
1324 2533 1443 2569 valvis
1460 2533 1671 2570 scholarum

215 2600 317 2624 more
346 2588 457 2624 solito
484 2589 685 2635 affigantur
712 2589 879 2636 alioquin
904 2590 1122 2627 huiusmodi
1147 2591 1359 2638 disputacio
1385 2596 1425 2628 et
1449 2592 1672 2629 declamatio

215 2660 283 2695 pro
307 2648 412 2684 nulla
437 2648 620 2685 habeatur

121 2707 350 2743 Conceditur
377 2709 400 2743 6
429 2707 647 2744 Decembris
673 2711 716 2744 vt
744 2709 923 2756 magister
950 2710 1082 2746 doctor
1111 2710 1229 2746 Perne
1255 2711 1307 2746 sit
1333 2723 1430 2747 vnus
1456 2711 1672 2748 auditorum

215 2766 309 2802 ciste
334 2767 545 2802 communis
605 2767 703 2803 Item
734 2771 776 2804 vt
807 2768 859 2804 sit
888 2781 985 2805 vnus
1009 2769 1225 2805 auditorum
1254 2770 1348 2806 ciste
1377 2770 1454 2806 Fen
1484 2774 1523 2806 et
1556 2771 1672 2807 Neale

214 2824 295 2860 vice
319 2824 488 2870 magistri
516 2825 712 2872 Hampton
771 2826 870 2862 Item
893 2827 1073 2873 magister
1093 2828 1311 2863 Thorneton
1333 2831 1376 2864 vt
1398 2829 1450 2864 sit
1471 2841 1569 2865 vnus
1591 2841 1672 2865 cus·

215 2883 348 2919 todum
371 2884 464 2919 ciste
490 2884 568 2920 Fen
591 2886 630 2920 et
655 2885 772 2921 Neale
794 2885 874 2922 loco
897 2887 1067 2932 magistri
1092 2887 1195 2934 Raye
1216 2886 1385 2923 absentis
1437 2891 1480 2923 13
1500 2888 1672 2924 Januarii
