<?xml version="1.0" encoding="UTF-8"?>
<!DOCTYPE html PUBLIC "-//W3C//DTD XHTML 1.0 Transitional//EN"
    "http://www.w3.org/TR/xhtml1/DTD/xhtml1-transitional.dtd">
<html xmlns="http://www.w3.org/1999/xhtml" xml:lang="en" lang="en">
 <head>
  <title>
</title>
<meta http-equiv="Content-Type" content="text/html;charset=utf-8" />
  <meta name='ocr-system' content='tesseract 3.04.00' />
  <meta name='ocr-capabilities' content='ocr_page ocr_carea ocr_par ocr_line ocrx_word'/>
</head>
<body>
  <div class='ocr_page' id='page_1' title='image "./gracebookdeltaco00univuoft_0315.png"; bbox 0 0 2008 3294; ppageno 0'>
   <div class='ocr_carea' id='block_1_1' title="bbox 131 169 1671 228">
    <p class='ocr_par' dir='ltr' id='par_1_1' title="bbox 131 169 1671 228">
     <span class='ocr_line' id='line_1_1' title="bbox 131 169 1671 228; baseline -0.006 -12"><span class='ocrx_word' id='word_1_1' title='bbox 131 173 348 228; x_wconf 79' lang='lat'>1574-75]</span> <span class='ocrx_word' id='word_1_2' title='bbox 712 181 864 214; x_wconf 76' lang='lat' dir='ltr'>GRAOE</span> <span class='ocrx_word' id='word_1_3' title='bbox 895 181 1017 213; x_wconf 86' lang='lat' dir='ltr'>BOOK</span> <span class='ocrx_word' id='word_1_4' title='bbox 1051 181 1081 212; x_wconf 83' lang='grc' dir='ltr'><strong>Δ</strong></span> <span class='ocrx_word' id='word_1_5' title='bbox 1592 169 1671 208; x_wconf 82' lang='lat'><strong>281</strong></span> 
     </span>
    </p>
   </div>
   <div class='ocr_carea' id='block_1_2' title="bbox 129 284 1873 1508">
    <p class='ocr_par' dir='ltr' id='par_1_2' title="bbox 129 284 1677 444">
     <span class='ocr_line' id='line_1_2' title="bbox 129 284 1676 335; baseline -0.004 -10"><span class='ocrx_word' id='word_1_6' title='bbox 129 289 351 326; x_wconf 79' lang='lat' dir='ltr'><strong>Conceditur</strong></span> <span class='ocrx_word' id='word_1_7' title='bbox 377 293 398 324; x_wconf 88' lang='lat'>4</span> <span class='ocrx_word' id='word_1_8' title='bbox 415 290 438 325; x_wconf 89' lang='lat' dir='ltr'><strong>J</strong></span> <span class='ocrx_word' id='word_1_9' title='bbox 442 290 507 325; x_wconf 89' lang='lat' dir='ltr'><strong>ulii</strong></span> <span class='ocrx_word' id='word_1_10' title='bbox 532 289 711 335; x_wconf 87' lang='lat' dir='ltr'><strong>magistro</strong></span> <span class='ocrx_word' id='word_1_11' title='bbox 735 288 897 324; x_wconf 81' lang='lat' dir='ltr'><strong>Roberto</strong></span> <span class='ocrx_word' id='word_1_12' title='bbox 921 286 1089 334; x_wconf 85' lang='lat' dir='ltr'><strong>Reynold</strong></span> <span class='ocrx_word' id='word_1_13' title='bbox 1107 286 1242 323; x_wconf 86' lang='lat' dir='ltr'><strong>Oxonii</strong></span> <span class='ocrx_word' id='word_1_14' title='bbox 1266 287 1305 322; x_wconf 94' lang='lat' dir='ltr'><strong>in</strong></span> <span class='ocrx_word' id='word_1_15' title='bbox 1327 284 1475 321; x_wconf 88' lang='lat' dir='ltr'><strong>artibus</strong></span> <span class='ocrx_word' id='word_1_16' title='bbox 1498 285 1676 330; x_wconf 83' lang='lat' dir='ltr'><strong>magistro</strong></span> 
     </span>
     <span class='ocr_line' id='line_1_3' title="bbox 223 344 1677 396; baseline -0.003 -12"><span class='ocrx_word' id='word_1_17' title='bbox 223 351 265 385; x_wconf 91' lang='lat' dir='ltr'><strong>vt</strong></span> <span class='ocrx_word' id='word_1_18' title='bbox 287 349 339 384; x_wconf 89' lang='lat' dir='ltr'><strong>sit</strong></span> <span class='ocrx_word' id='word_1_19' title='bbox 359 349 420 384; x_wconf 89' lang='lat' dir='ltr'><strong>hic</strong></span> <span class='ocrx_word' id='word_1_20' title='bbox 442 349 542 396; x_wconf 89' lang='lat' dir='ltr'><strong>apud</strong></span> <span class='ocrx_word' id='word_1_21' title='bbox 566 360 631 384; x_wconf 86' lang='lat' dir='ltr'><strong>vos</strong></span> <span class='ocrx_word' id='word_1_22' title='bbox 655 349 695 384; x_wconf 90' lang='lat' dir='ltr'><strong>in</strong></span> <span class='ocrx_word' id='word_1_23' title='bbox 718 347 875 384; x_wconf 89' lang='lat' dir='ltr'><strong>eiisdem</strong></span> <span class='ocrx_word' id='word_1_24' title='bbox 898 346 1016 394; x_wconf 81' lang='lat' dir='ltr'><strong>gradu</strong></span> <span class='ocrx_word' id='word_1_25' title='bbox 1040 346 1170 383; x_wconf 89' lang='lat' dir='ltr'><strong>ordine</strong></span> <span class='ocrx_word' id='word_1_26' title='bbox 1194 349 1233 382; x_wconf 88' lang='lat' dir='ltr'><strong>et</strong></span> <span class='ocrx_word' id='word_1_27' title='bbox 1257 358 1357 381; x_wconf 88' lang='lat' dir='ltr'><strong>auno</strong></span> <span class='ocrx_word' id='word_1_28' title='bbox 1380 344 1520 392; x_wconf 83' lang='lat' dir='ltr'><strong>quibus</strong></span> <span class='ocrx_word' id='word_1_29' title='bbox 1542 344 1616 380; x_wconf 87' lang='lat' dir='ltr'><strong>fuit</strong></span> <span class='ocrx_word' id='word_1_30' title='bbox 1638 344 1677 379; x_wconf 90' lang='lat' dir='ltr'><strong>in</strong></span> 
     </span>
     <span class='ocr_line' id='line_1_4' title="bbox 225 407 638 444; baseline -0.002 0"><span class='ocrx_word' id='word_1_31' title='bbox 225 407 417 444; x_wconf 81' lang='lat' dir='ltr'><strong>academia</strong></span> <span class='ocrx_word' id='word_1_32' title='bbox 436 407 638 444; x_wconf 86' lang='lat' dir='ltr'><strong>Oxoniensi</strong></span> 
     </span>
    </p>

    <p class='ocr_par' dir='ltr' id='par_1_3' title="bbox 131 462 1679 750">
     <span class='ocr_line' id='line_1_5' title="bbox 131 462 1678 511; baseline -0.005 -8"><span class='ocrx_word' id='word_1_33' title='bbox 131 462 356 503; x_wconf 73' lang='lat' dir='ltr'>Conceditur</span> <span class='ocrx_word' id='word_1_34' title='bbox 377 469 400 502; x_wconf 89' lang='lat'>6</span> <span class='ocrx_word' id='word_1_35' title='bbox 424 467 515 502; x_wconf 84' lang='lat' dir='ltr'><strong>Maii</strong></span> <span class='ocrx_word' id='word_1_36' title='bbox 537 466 690 502; x_wconf 89' lang='lat' dir='ltr'><strong>domino</strong></span> <span class='ocrx_word' id='word_1_37' title='bbox 712 465 911 502; x_wconf 87' lang='lat' dir='ltr'><strong>Timotheo</strong></span> <span class='ocrx_word' id='word_1_38' title='bbox 935 464 1067 511; x_wconf 87' lang='lat' dir='ltr'><strong>Bright</strong></span> <span class='ocrx_word' id='word_1_39' title='bbox 1090 465 1128 500; x_wconf 89' lang='lat' dir='ltr'><strong>in</strong></span> <span class='ocrx_word' id='word_1_40' title='bbox 1152 463 1337 500; x_wconf 84' lang='lat' dir='ltr'><strong>medicina</strong></span> <span class='ocrx_word' id='word_1_41' title='bbox 1352 462 1619 499; x_wconf 86' lang='lat' dir='ltr'><strong>bacchalaureo</strong></span> <span class='ocrx_word' id='word_1_42' title='bbox 1637 463 1678 496; x_wconf 91' lang='lat' dir='ltr'><strong>vt</strong></span> 
     </span>
     <span class='ocr_line' id='line_1_6' title="bbox 226 519 1678 573; baseline -0.004 -11"><span class='ocrx_word' id='word_1_43' title='bbox 226 526 344 573; x_wconf 85' lang='lat' dir='ltr'><strong>possit</strong></span> <span class='ocrx_word' id='word_1_44' title='bbox 369 526 574 573; x_wconf 88' lang='lat' dir='ltr'><strong>practicare</strong></span> <span class='ocrx_word' id='word_1_45' title='bbox 598 526 637 561; x_wconf 91' lang='lat' dir='ltr'><strong>in</strong></span> <span class='ocrx_word' id='word_1_46' title='bbox 663 519 849 561; x_wconf 86' lang='lat' dir='ltr'><strong>medicina</strong></span> <span class='ocrx_word' id='word_1_47' title='bbox 873 525 926 560; x_wconf 88' lang='lat' dir='ltr'><strong>sic</strong></span> <span class='ocrx_word' id='word_1_48' title='bbox 951 528 994 560; x_wconf 88' lang='lat' dir='ltr'><strong>vt</strong></span> <span class='ocrx_word' id='word_1_49' title='bbox 1017 525 1099 560; x_wconf 85' lang='lat' dir='ltr'><strong>eius</strong></span> <span class='ocrx_word' id='word_1_50' title='bbox 1122 524 1288 570; x_wconf 87' lang='lat' dir='ltr'><strong>cognicio</strong></span> <span class='ocrx_word' id='word_1_51' title='bbox 1317 523 1422 570; x_wconf 85' lang='lat' dir='ltr'><strong>prius</strong></span> <span class='ocrx_word' id='word_1_52' title='bbox 1450 520 1678 568; x_wconf 81' lang='lat' dir='ltr'><strong>approbetur</strong></span> 
     </span>
     <span class='ocr_line' id='line_1_7' title="bbox 225 581 1677 632; baseline -0.003 -12"><span class='ocrx_word' id='word_1_53' title='bbox 225 597 291 632; x_wconf 90' lang='lat' dir='ltr'><strong>per</strong></span> <span class='ocrx_word' id='word_1_54' title='bbox 311 584 480 620; x_wconf 87' lang='lat' dir='ltr'><strong>doctores</strong></span> <span class='ocrx_word' id='word_1_55' title='bbox 504 585 673 620; x_wconf 85' lang='lat' dir='ltr'><strong>Hatcher</strong></span> <span class='ocrx_word' id='word_1_56' title='bbox 695 587 735 619; x_wconf 89' lang='lat' dir='ltr'><strong>et</strong></span> <span class='ocrx_word' id='word_1_57' title='bbox 760 584 910 630; x_wconf 88' lang='lat' dir='ltr'><strong>Lorkyn</strong></span> <span class='ocrx_word' id='word_1_58' title='bbox 933 587 973 619; x_wconf 85' lang='lat' dir='ltr'><strong>et</strong></span> <span class='ocrx_word' id='word_1_59' title='bbox 994 595 1061 630; x_wconf 89' lang='lat' dir='ltr'><strong>per</strong></span> <span class='ocrx_word' id='word_1_60' title='bbox 1079 595 1193 619; x_wconf 88' lang='lat' dir='ltr'><strong>vnum</strong></span> <span class='ocrx_word' id='word_1_61' title='bbox 1216 594 1343 618; x_wconf 89' lang='lat' dir='ltr'><strong>eorum</strong></span> <span class='ocrx_word' id='word_1_62' title='bbox 1368 583 1604 628; x_wconf 73' lang='lat' dir='ltr'><strong>presentetur</strong></span> <span class='ocrx_word' id='word_1_63' title='bbox 1625 581 1677 615; x_wconf 87' lang='lat' dir='ltr'><strong>sic</strong></span> 
     </span>
     <span class='ocr_line' id='line_1_8' title="bbox 226 640 1679 690; baseline -0.003 -11"><span class='ocrx_word' id='word_1_64' title='bbox 226 647 267 679; x_wconf 93' lang='lat' dir='ltr'><strong>vt</strong></span> <span class='ocrx_word' id='word_1_65' title='bbox 289 656 400 690; x_wconf 81' lang='lat' dir='ltr'><strong>super</strong></span> <span class='ocrx_word' id='word_1_66' title='bbox 421 644 491 680; x_wconf 88' lang='lat' dir='ltr'><strong>hac</strong></span> <span class='ocrx_word' id='word_1_67' title='bbox 509 647 634 680; x_wconf 89' lang='lat' dir='ltr'><strong>vestra</strong></span> <span class='ocrx_word' id='word_1_68' title='bbox 657 644 894 679; x_wconf 79' lang='lat' dir='ltr'><strong>concessione</strong></span> <span class='ocrx_word' id='word_1_69' title='bbox 916 643 1045 678; x_wconf 76' lang='lat' dir='ltr'><strong>literas</strong></span> <span class='ocrx_word' id='word_1_70' title='bbox 1062 643 1200 678; x_wconf 86' lang='lat' dir='ltr'><strong>habeat</strong></span> <span class='ocrx_word' id='word_1_71' title='bbox 1215 641 1400 688; x_wconf 85' lang='lat' dir='ltr'><strong>sigillatas</strong></span> <span class='ocrx_word' id='word_1_72' title='bbox 1416 640 1537 687; x_wconf 82' lang='lat' dir='ltr'><strong>sigillo</strong></span> <span class='ocrx_word' id='word_1_73' title='bbox 1555 643 1679 675; x_wconf 87' lang='lat' dir='ltr'><strong>vestro</strong></span> 
     </span>
     <span class='ocr_line' id='line_1_9' title="bbox 225 701 1348 750; baseline -0.003 -11"><span class='ocrx_word' id='word_1_74' title='bbox 225 704 415 740; x_wconf 88' lang='lat' dir='ltr'><strong>communi</strong></span> <span class='ocrx_word' id='word_1_75' title='bbox 468 704 708 739; x_wconf 88' lang='lat' dir='ltr'><strong>Prcsentatus</strong></span> <span class='ocrx_word' id='word_1_76' title='bbox 724 715 790 750; x_wconf 88' lang='lat' dir='ltr'><strong>per</strong></span> <span class='ocrx_word' id='word_1_77' title='bbox 805 702 995 738; x_wconf 90' lang='lat' dir='ltr'><strong>doctorem</strong></span> <span class='ocrx_word' id='word_1_78' title='bbox 1015 702 1162 749; x_wconf 86' lang='lat' dir='ltr'><strong>Lorkyn</strong></span> <span class='ocrx_word' id='word_1_79' title='bbox 1180 704 1226 737; x_wconf 84' lang='lat'><strong>23</strong></span> <span class='ocrx_word' id='word_1_80' title='bbox 1242 701 1265 736; x_wconf 88' lang='lat' dir='ltr'>J</span> <span class='ocrx_word' id='word_1_81' title='bbox 1269 701 1348 736; x_wconf 89' lang='lat' dir='ltr'><strong>unii</strong></span> 
     </span>
    </p>

    <p class='ocr_par' dir='ltr' id='par_1_4' title="bbox 132 752 1873 1103">
     <span class='ocr_line' id='line_1_10' title="bbox 132 752 1873 809; baseline -0.004 -11"><span class='ocrx_word' id='word_1_82' title='bbox 132 762 359 799; x_wconf 85' lang='lat' dir='ltr'><strong>Conceditur</strong></span> <span class='ocrx_word' id='word_1_83' title='bbox 386 765 430 799; x_wconf 89' lang='lat'><strong>10</strong></span> <span class='ocrx_word' id='word_1_84' title='bbox 454 763 559 798; x_wconf 89' lang='lat' dir='ltr'><strong>Junii</strong></span> <span class='ocrx_word' id='word_1_85' title='bbox 586 763 765 809; x_wconf 82' lang='lat' dir='ltr'><strong>magistro</strong></span> <span class='ocrx_word' id='word_1_86' title='bbox 793 762 884 798; x_wconf 90' lang='lat' dir='ltr'><strong>Tho.</strong></span> <span class='ocrx_word' id='word_1_87' title='bbox 913 761 1029 797; x_wconf 91' lang='lat' dir='ltr'><strong>Wood</strong></span> <span class='ocrx_word' id='word_1_88' title='bbox 1055 761 1164 806; x_wconf 87' lang='lat' dir='ltr'><strong>(Jes.)</strong></span> <span class='ocrx_word' id='word_1_89' title='bbox 1190 764 1233 796; x_wconf 94' lang='lat' dir='ltr'><strong>vt</strong></span> <span class='ocrx_word' id='word_1_90' title='bbox 1257 759 1426 796; x_wconf 87' lang='lat' dir='ltr'><strong>studium</strong></span> <span class='ocrx_word' id='word_1_91' title='bbox 1453 762 1491 794; x_wconf 89' lang='lat' dir='ltr'><strong>et</strong></span> <span class='ocrx_word' id='word_1_92' title='bbox 1517 759 1681 805; x_wconf 85' lang='lat' dir='ltr'><strong>practica</strong></span> <span class='ocrx_word' id='word_1_93' title='bbox 1700 757 1725 793; x_wconf 83' lang='lat' dir='ltr'><strong>f.</strong></span> <span class='ocrx_word' id='word_1_94' title='bbox 1754 754 1829 792; x_wconf 87' lang='grc'><strong>115</strong></span> <span class='ocrx_word' id='word_1_95' title='bbox 1846 752 1873 791; x_wconf 96' lang='lat' dir='ltr'><strong>b</strong></span> 
     </span>
     <span class='ocr_line' id='line_1_11' title="bbox 228 817 1681 866; baseline -0.002 -11"><span class='ocrx_word' id='word_1_96' title='bbox 228 822 248 857; x_wconf 89' lang='lat'><strong>7</strong></span> <span class='ocrx_word' id='word_1_97' title='bbox 273 831 458 855; x_wconf 86' lang='lat' dir='ltr'><strong>annorum</strong></span> <span class='ocrx_word' id='word_1_98' title='bbox 483 820 521 855; x_wconf 89' lang='lat' dir='ltr'><strong>in</strong></span> <span class='ocrx_word' id='word_1_99' title='bbox 548 819 733 855; x_wconf 88' lang='lat' dir='ltr'><strong>medicina</strong></span> <span class='ocrx_word' id='word_1_100' title='bbox 766 821 968 866; x_wconf 79' lang='lat' dir='ltr'><strong>postquam</strong></span> <span class='ocrx_word' id='word_1_101' title='bbox 994 818 1130 854; x_wconf 85' lang='lat' dir='ltr'><strong>rexerit</strong></span> <span class='ocrx_word' id='word_1_102' title='bbox 1156 819 1194 854; x_wconf 88' lang='lat' dir='ltr'><strong>in</strong></span> <span class='ocrx_word' id='word_1_103' title='bbox 1219 817 1365 854; x_wconf 88' lang='lat' dir='ltr'><strong>artibus</strong></span> <span class='ocrx_word' id='word_1_104' title='bbox 1389 817 1551 853; x_wconf 87' lang='lat' dir='ltr'><strong>sufficiat</strong></span> <span class='ocrx_word' id='word_1_105' title='bbox 1575 817 1608 852; x_wconf 88' lang='lat' dir='ltr'><strong>ei</strong></span> <span class='ocrx_word' id='word_1_106' title='bbox 1633 817 1681 851; x_wconf 88' lang='lat' dir='ltr'><strong>ad</strong></span> 
     </span>
     <span class='ocr_line' id='line_1_12' title="bbox 228 875 1683 926; baseline -0.002 -12"><span class='ocrx_word' id='word_1_107' title='bbox 228 879 510 926; x_wconf 84' lang='lat' dir='ltr'><strong>practicandum</strong></span> <span class='ocrx_word' id='word_1_108' title='bbox 541 879 579 914; x_wconf 90' lang='lat' dir='ltr'><strong>in</strong></span> <span class='ocrx_word' id='word_1_109' title='bbox 609 878 739 914; x_wconf 85' lang='lat' dir='ltr'><strong>eadem</strong></span> <span class='ocrx_word' id='word_1_110' title='bbox 768 878 822 913; x_wconf 87' lang='lat' dir='ltr'><strong>sic</strong></span> <span class='ocrx_word' id='word_1_111' title='bbox 848 881 890 914; x_wconf 92' lang='lat' dir='ltr'><strong>vt</strong></span> <span class='ocrx_word' id='word_1_112' title='bbox 918 878 999 913; x_wconf 86' lang='lat' dir='ltr'><strong>eius</strong></span> <span class='ocrx_word' id='word_1_113' title='bbox 1024 877 1190 924; x_wconf 85' lang='lat' dir='ltr'><strong>cognicio</strong></span> <span class='ocrx_word' id='word_1_114' title='bbox 1219 876 1398 924; x_wconf 80' lang='lat' dir='ltr'><strong>probetur</strong></span> <span class='ocrx_word' id='word_1_115' title='bbox 1424 887 1490 923; x_wconf 88' lang='lat' dir='ltr'><strong>per</strong></span> <span class='ocrx_word' id='word_1_116' title='bbox 1513 875 1683 911; x_wconf 81' lang='lat' dir='ltr'><strong>doctores</strong></span> 
     </span>
     <span class='ocr_line' id='line_1_13' title="bbox 228 934 1683 984; baseline -0.003 -10"><span class='ocrx_word' id='word_1_117' title='bbox 228 938 399 974; x_wconf 86' lang='lat' dir='ltr'><strong>Barrowe</strong></span> <span class='ocrx_word' id='word_1_118' title='bbox 427 942 466 974; x_wconf 88' lang='lat' dir='ltr'><strong>et</strong></span> <span class='ocrx_word' id='word_1_119' title='bbox 492 938 605 974; x_wconf 85' lang='lat' dir='ltr'><strong>Ward</strong></span> <span class='ocrx_word' id='word_1_120' title='bbox 635 940 675 974; x_wconf 89' lang='lat' dir='ltr'><strong>et</strong></span> <span class='ocrx_word' id='word_1_121' title='bbox 703 949 770 984; x_wconf 89' lang='lat' dir='ltr'><strong>per</strong></span> <span class='ocrx_word' id='word_1_122' title='bbox 798 937 959 973; x_wconf 86' lang='lat' dir='ltr'><strong>alterum</strong></span> <span class='ocrx_word' id='word_1_123' title='bbox 989 948 1118 973; x_wconf 87' lang='lat' dir='ltr'><strong>eorum</strong></span> <span class='ocrx_word' id='word_1_124' title='bbox 1149 939 1386 983; x_wconf 82' lang='lat' dir='ltr'><strong>presentetur</strong></span> <span class='ocrx_word' id='word_1_125' title='bbox 1414 940 1454 971; x_wconf 88' lang='lat' dir='ltr'><strong>et</strong></span> <span class='ocrx_word' id='word_1_126' title='bbox 1477 947 1590 982; x_wconf 89' lang='lat' dir='ltr'><strong>super</strong></span> <span class='ocrx_word' id='word_1_127' title='bbox 1614 934 1683 970; x_wconf 87' lang='lat' dir='ltr'><strong>hac</strong></span> 
     </span>
     <span class='ocr_line' id='line_1_14' title="bbox 227 995 1684 1042; baseline -0.002 -9"><span class='ocrx_word' id='word_1_128' title='bbox 227 997 462 1033; x_wconf 86' lang='lat' dir='ltr'><strong>concessione</strong></span> <span class='ocrx_word' id='word_1_129' title='bbox 480 1000 605 1033; x_wconf 85' lang='lat' dir='ltr'><strong>vestra</strong></span> <span class='ocrx_word' id='word_1_130' title='bbox 626 997 755 1032; x_wconf 82' lang='lat' dir='ltr'><strong>literas</strong></span> <span class='ocrx_word' id='word_1_131' title='bbox 775 996 913 1032; x_wconf 75' lang='lat' dir='ltr'><strong>habeat</strong></span> <span class='ocrx_word' id='word_1_132' title='bbox 930 995 1202 1032; x_wconf 75' lang='lat' dir='ltr'><strong>testimoniales</strong></span> <span class='ocrx_word' id='word_1_133' title='bbox 1219 995 1402 1042; x_wconf 80' lang='lat' dir='ltr'><strong>sigillatas</strong></span> <span class='ocrx_word' id='word_1_134' title='bbox 1418 995 1540 1041; x_wconf 86' lang='lat' dir='ltr'><strong>sigillo</strong></span> <span class='ocrx_word' id='word_1_135' title='bbox 1559 998 1684 1030; x_wconf 86' lang='lat' dir='ltr'><strong>vestro</strong></span> 
     </span>
     <span class='ocr_line' id='line_1_15' title="bbox 228 1055 1341 1103; baseline -0.002 -10"><span class='ocrx_word' id='word_1_136' title='bbox 228 1057 417 1093; x_wconf 88' lang='lat' dir='ltr'><strong>communi</strong></span> <span class='ocrx_word' id='word_1_137' title='bbox 469 1057 711 1092; x_wconf 82' lang='lat' dir='ltr'><strong>Presentatus</strong></span> <span class='ocrx_word' id='word_1_138' title='bbox 729 1068 795 1103; x_wconf 86' lang='lat' dir='ltr'><strong>per</strong></span> <span class='ocrx_word' id='word_1_139' title='bbox 811 1056 1000 1092; x_wconf 87' lang='lat' dir='ltr'><strong>doctorem</strong></span> <span class='ocrx_word' id='word_1_140' title='bbox 1020 1055 1156 1091; x_wconf 87' lang='lat' dir='ltr'><strong>Warde</strong></span> <span class='ocrx_word' id='word_1_141' title='bbox 1173 1058 1219 1091; x_wconf 88' lang='grc'><strong>23</strong></span> <span class='ocrx_word' id='word_1_142' title='bbox 1235 1055 1259 1090; x_wconf 87' lang='lat' dir='ltr'>J</span> <span class='ocrx_word' id='word_1_143' title='bbox 1262 1055 1341 1091; x_wconf 91' lang='lat' dir='ltr'><strong>unii</strong></span> 
     </span>
    </p>

    <p class='ocr_par' dir='ltr' id='par_1_5' title="bbox 135 1112 1685 1280">
     <span class='ocr_line' id='line_1_16' title="bbox 135 1112 1685 1162; baseline -0.002 -11"><span class='ocrx_word' id='word_1_144' title='bbox 135 1115 275 1151; x_wconf 79' lang='lat' dir='ltr'><strong>Eadem</strong></span> <span class='ocrx_word' id='word_1_145' title='bbox 291 1115 412 1162; x_wconf 82' lang='lat' dir='ltr'><strong>gratia</strong></span> <span class='ocrx_word' id='word_1_146' title='bbox 429 1114 646 1150; x_wconf 86' lang='lat' dir='ltr'><strong>conceditur</strong></span> <span class='ocrx_word' id='word_1_147' title='bbox 663 1117 701 1150; x_wconf 80' lang='grc' dir='ltr'><strong>2ο</strong></span> <span class='ocrx_word' id='word_1_148' title='bbox 713 1113 737 1149; x_wconf 90' lang='lat' dir='ltr'>J</span> <span class='ocrx_word' id='word_1_149' title='bbox 739 1113 806 1150; x_wconf 86' lang='lat' dir='ltr'><strong>ulii</strong></span> <span class='ocrx_word' id='word_1_150' title='bbox 825 1114 1004 1160; x_wconf 86' lang='lat' dir='ltr'><strong>magistro</strong></span> <span class='ocrx_word' id='word_1_151' title='bbox 1016 1113 1180 1149; x_wconf 78' lang='lat' dir='ltr'><strong>Johanni</strong></span> <span class='ocrx_word' id='word_1_152' title='bbox 1194 1113 1218 1149; x_wconf 90' lang='lat' dir='ltr'>J</span> <span class='ocrx_word' id='word_1_153' title='bbox 1220 1125 1324 1149; x_wconf 83' lang='lat' dir='ltr'><strong>ames</strong></span> <span class='ocrx_word' id='word_1_154' title='bbox 1337 1113 1539 1159; x_wconf 89' lang='lat' dir='ltr'><strong>(Tri.)cum</strong></span> <span class='ocrx_word' id='word_1_155' title='bbox 1558 1112 1685 1148; x_wconf 91' lang='lat' dir='ltr'><strong>studio</strong></span> 
     </span>
     <span class='ocr_line' id='line_1_17' title="bbox 229 1171 1684 1220; baseline -0.001 -10"><span class='ocrx_word' id='word_1_156' title='bbox 229 1178 282 1210; x_wconf 75' lang='lat'><strong>4⁰¹</strong></span> <span class='ocrx_word' id='word_1_157' title='bbox 297 1186 481 1210; x_wconf 90' lang='lat' dir='ltr'><strong>annorum</strong></span> <span class='ocrx_word' id='word_1_158' title='bbox 505 1177 543 1210; x_wconf 89' lang='lat' dir='ltr'><strong>et</strong></span> <span class='ocrx_word' id='word_1_159' title='bbox 564 1172 837 1220; x_wconf 83' lang='lat' dir='ltr'><strong>approbacione</strong></span> <span class='ocrx_word' id='word_1_160' title='bbox 858 1173 1022 1209; x_wconf 85' lang='lat' dir='ltr'><strong>doctoris</strong></span> <span class='ocrx_word' id='word_1_161' title='bbox 1039 1172 1154 1209; x_wconf 87' lang='lat' dir='ltr'><strong>Ward</strong></span> <span class='ocrx_word' id='word_1_162' title='bbox 1206 1173 1450 1209; x_wconf 84' lang='lat' dir='ltr'><strong>Presentatus</strong></span> <span class='ocrx_word' id='word_1_163' title='bbox 1470 1184 1536 1219; x_wconf 88' lang='lat' dir='ltr'><strong>per</strong></span> <span class='ocrx_word' id='word_1_164' title='bbox 1555 1171 1684 1208; x_wconf 88' lang='lat' dir='ltr'><strong>eodem</strong></span> 
     </span>
     <span class='ocr_line' id='line_1_18' title="bbox 230 1233 464 1280; baseline -0.004 -10"><span class='ocrx_word' id='word_1_165' title='bbox 230 1234 314 1280; x_wconf 88' lang='lat' dir='ltr'><strong>(sic)</strong></span> <span class='ocrx_word' id='word_1_166' title='bbox 332 1235 352 1271; x_wconf 88' lang='lat'>7</span> <span class='ocrx_word' id='word_1_167' title='bbox 371 1233 394 1269; x_wconf 88' lang='lat' dir='ltr'>J</span> <span class='ocrx_word' id='word_1_168' title='bbox 398 1233 464 1270; x_wconf 93' lang='lat' dir='ltr'><strong>ulii</strong></span> 
     </span>
    </p>

    <p class='ocr_par' dir='ltr' id='par_1_6' title="bbox 135 1290 1687 1508">
     <span class='ocr_line' id='line_1_19' title="bbox 135 1290 1685 1339; baseline -0.003 -9"><span class='ocrx_word' id='word_1_169' title='bbox 135 1293 361 1330; x_wconf 84' lang='lat' dir='ltr'><strong>Conceditur</strong></span> <span class='ocrx_word' id='word_1_170' title='bbox 385 1296 431 1329; x_wconf 83' lang='lat'><strong>24</strong></span> <span class='ocrx_word' id='word_1_171' title='bbox 453 1293 476 1328; x_wconf 87' lang='lat' dir='ltr'><strong>J</strong></span> <span class='ocrx_word' id='word_1_172' title='bbox 480 1292 559 1328; x_wconf 91' lang='lat' dir='ltr'><strong>unii</strong></span> <span class='ocrx_word' id='word_1_173' title='bbox 585 1292 764 1339; x_wconf 84' lang='lat' dir='ltr'><strong>magistro</strong></span> <span class='ocrx_word' id='word_1_174' title='bbox 791 1291 902 1328; x_wconf 88' lang='lat' dir='ltr'><strong>Petro</strong></span> <span class='ocrx_word' id='word_1_175' title='bbox 927 1291 1073 1327; x_wconf 88' lang='lat' dir='ltr'><strong>Turner</strong></span> <span class='ocrx_word' id='word_1_176' title='bbox 1098 1291 1137 1327; x_wconf 92' lang='lat' dir='ltr'><strong>in</strong></span> <span class='ocrx_word' id='word_1_177' title='bbox 1162 1291 1353 1327; x_wconf 75' lang='lat' dir='ltr'><strong>academia</strong></span> <span class='ocrx_word' id='word_1_178' title='bbox 1380 1290 1685 1337; x_wconf 82' lang='lat' dir='ltr'><strong>Heidelbargensi</strong></span> 
     </span>
     <span class='ocr_line' id='line_1_20' title="bbox 230 1349 1686 1396; baseline -0.001 -8"><span class='ocrx_word' id='word_1_179' title='bbox 230 1352 268 1388; x_wconf 89' lang='lat' dir='ltr'><strong>in</strong></span> <span class='ocrx_word' id='word_1_180' title='bbox 295 1351 480 1388; x_wconf 89' lang='lat' dir='ltr'><strong>medicina</strong></span> <span class='ocrx_word' id='word_1_181' title='bbox 503 1350 646 1387; x_wconf 85' lang='lat' dir='ltr'><strong>doctori</strong></span> <span class='ocrx_word' id='word_1_182' title='bbox 670 1354 712 1386; x_wconf 91' lang='lat' dir='ltr'><strong>vt</strong></span> <span class='ocrx_word' id='word_1_183' title='bbox 736 1351 790 1386; x_wconf 85' lang='lat' dir='ltr'><strong>sic</strong></span> <span class='ocrx_word' id='word_1_184' title='bbox 814 1350 875 1386; x_wconf 93' lang='lat' dir='ltr'><strong>hic</strong></span> <span class='ocrx_word' id='word_1_185' title='bbox 900 1349 1001 1396; x_wconf 86' lang='lat' dir='ltr'><strong>apud</strong></span> <span class='ocrx_word' id='word_1_186' title='bbox 1026 1362 1090 1386; x_wconf 90' lang='lat' dir='ltr'><strong>vos</strong></span> <span class='ocrx_word' id='word_1_187' title='bbox 1112 1350 1151 1385; x_wconf 89' lang='lat' dir='ltr'><strong>in</strong></span> <span class='ocrx_word' id='word_1_188' title='bbox 1174 1350 1329 1386; x_wconf 86' lang='lat' dir='ltr'><strong>eiisdem</strong></span> <span class='ocrx_word' id='word_1_189' title='bbox 1354 1350 1471 1396; x_wconf 79' lang='lat' dir='ltr'><strong>gradu</strong></span> <span class='ocrx_word' id='word_1_190' title='bbox 1496 1350 1625 1386; x_wconf 88' lang='lat' dir='ltr'><strong>ordine</strong></span> <span class='ocrx_word' id='word_1_191' title='bbox 1647 1354 1686 1386; x_wconf 88' lang='lat' dir='ltr'><strong>et</strong></span> 
     </span>
     <span class='ocr_line' id='line_1_21' title="bbox 229 1409 1687 1458; baseline -0.001 -10"><span class='ocrx_word' id='word_1_192' title='bbox 229 1424 329 1448; x_wconf 89' lang='lat' dir='ltr'><strong>anno</strong></span> <span class='ocrx_word' id='word_1_193' title='bbox 351 1410 488 1458; x_wconf 90' lang='lat' dir='ltr'><strong>quibus</strong></span> <span class='ocrx_word' id='word_1_194' title='bbox 511 1411 585 1447; x_wconf 86' lang='lat' dir='ltr'><strong>fuit</strong></span> <span class='ocrx_word' id='word_1_195' title='bbox 607 1411 646 1446; x_wconf 92' lang='lat' dir='ltr'><strong>in</strong></span> <span class='ocrx_word' id='word_1_196' title='bbox 669 1410 771 1447; x_wconf 88' lang='lat' dir='ltr'><strong>dicta</strong></span> <span class='ocrx_word' id='word_1_197' title='bbox 793 1410 985 1447; x_wconf 80' lang='lat' dir='ltr'><strong>academia</strong></span> <span class='ocrx_word' id='word_1_198' title='bbox 1004 1409 1310 1456; x_wconf 85' lang='lat' dir='ltr'><strong>Heidelbargensi</strong></span> <span class='ocrx_word' id='word_1_199' title='bbox 1362 1410 1604 1446; x_wconf 82' lang='lat' dir='ltr'><strong>Presentatus</strong></span> <span class='ocrx_word' id='word_1_200' title='bbox 1621 1422 1687 1458; x_wconf 87' lang='lat' dir='ltr'><strong>por</strong></span> 
     </span>
     <span class='ocr_line' id='line_1_22' title="bbox 230 1470 575 1508; baseline -0.006 0"><span class='ocrx_word' id='word_1_201' title='bbox 230 1471 420 1508; x_wconf 86' lang='lat' dir='ltr'><strong>doctorem</strong></span> <span class='ocrx_word' id='word_1_202' title='bbox 438 1470 575 1507; x_wconf 88' lang='lat' dir='ltr'><strong>Warde</strong></span> 
     </span>
    </p>
   </div>
   <div class='ocr_carea' id='block_1_3' title="bbox 634 1671 1194 1728">
    <p class='ocr_par' dir='ltr' id='par_1_7' title="bbox 634 1671 1194 1728">
     <span class='ocr_line' id='line_1_23' title="bbox 634 1671 1194 1728; baseline -0.004 -14"><span class='ocrx_word' id='word_1_203' title='bbox 634 1671 845 1714; x_wconf 87' lang='lat' dir='ltr'><strong>Doctores</strong></span> <span class='ocrx_word' id='word_1_204' title='bbox 876 1671 920 1713; x_wconf 91' lang='lat' dir='ltr'><strong>in</strong></span> <span class='ocrx_word' id='word_1_205' title='bbox 947 1671 1047 1728; x_wconf 91' lang='lat' dir='ltr'><strong>jure</strong></span> <span class='ocrx_word' id='word_1_206' title='bbox 1079 1671 1194 1713; x_wconf 90' lang='lat' dir='ltr'><strong>civili</strong></span> 
     </span>
    </p>
   </div>
   <div class='ocr_carea' id='block_1_4' title="bbox 139 1786 1689 2128">
    <p class='ocr_par' dir='ltr' id='par_1_8' title="bbox 139 1786 1689 2011">
     <span class='ocr_line' id='line_1_24' title="bbox 139 1786 1688 1833; baseline -0.003 -8"><span class='ocrx_word' id='word_1_207' title='bbox 139 1788 366 1825; x_wconf 86' lang='lat' dir='ltr'><strong>Conceditur</strong></span> <span class='ocrx_word' id='word_1_208' title='bbox 387 1790 433 1823; x_wconf 82' lang='lat'><strong>25</strong></span> <span class='ocrx_word' id='word_1_209' title='bbox 456 1786 649 1823; x_wconf 81' lang='lat' dir='ltr'><strong>Februarii</strong></span> <span class='ocrx_word' id='word_1_210' title='bbox 673 1787 852 1833; x_wconf 87' lang='lat' dir='ltr'><strong>magistro</strong></span> <span class='ocrx_word' id='word_1_211' title='bbox 875 1787 1018 1822; x_wconf 90' lang='lat' dir='ltr'><strong>Thome</strong></span> <span class='ocrx_word' id='word_1_212' title='bbox 1043 1787 1160 1833; x_wconf 86' lang='lat' dir='ltr'><strong>Legge</strong></span> <span class='ocrx_word' id='word_1_213' title='bbox 1178 1790 1220 1822; x_wconf 90' lang='lat' dir='ltr'><strong>vt</strong></span> <span class='ocrx_word' id='word_1_214' title='bbox 1242 1786 1411 1822; x_wconf 90' lang='lat' dir='ltr'><strong>studium</strong></span> <span class='ocrx_word' id='word_1_215' title='bbox 1439 1789 1483 1822; x_wconf 93' lang='lat'><strong>10</strong></span> <span class='ocrx_word' id='word_1_216' title='bbox 1504 1798 1688 1822; x_wconf 86' lang='lat' dir='ltr'><strong>annorum</strong></span> 
     </span>
     <span class='ocr_line' id='line_1_25' title="bbox 234 1844 1688 1892; baseline -0.001 -10"><span class='ocrx_word' id='word_1_217' title='bbox 234 1848 272 1883; x_wconf 91' lang='lat' dir='ltr'><strong>in</strong></span> <span class='ocrx_word' id='word_1_218' title='bbox 303 1847 381 1883; x_wconf 90' lang='lat' dir='ltr'><strong>iure</strong></span> <span class='ocrx_word' id='word_1_219' title='bbox 410 1846 510 1882; x_wconf 90' lang='lat' dir='ltr'><strong>civili</strong></span> <span class='ocrx_word' id='word_1_220' title='bbox 543 1849 744 1892; x_wconf 81' lang='lat' dir='ltr'><strong>postquam</strong></span> <span class='ocrx_word' id='word_1_221' title='bbox 778 1845 916 1881; x_wconf 81' lang='lat' dir='ltr'><strong>rexerit</strong></span> <span class='ocrx_word' id='word_1_222' title='bbox 946 1845 984 1880; x_wconf 93' lang='lat' dir='ltr'><strong>in</strong></span> <span class='ocrx_word' id='word_1_223' title='bbox 1014 1844 1161 1880; x_wconf 84' lang='lat' dir='ltr'><strong>artibus</strong></span> <span class='ocrx_word' id='word_1_224' title='bbox 1188 1856 1274 1880; x_wconf 86' lang='lat' dir='ltr'><strong>cum</strong></span> <span class='ocrx_word' id='word_1_225' title='bbox 1304 1844 1607 1891; x_wconf 86' lang='lat' dir='ltr'><strong>opposicionibus</strong></span> <span class='ocrx_word' id='word_1_226' title='bbox 1635 1857 1688 1881; x_wconf 87' lang='lat' dir='ltr'><strong>re-</strong></span> 
     </span>
     <span class='ocr_line' id='line_1_26' title="bbox 235 1905 1689 1954; baseline 0 -12"><span class='ocrx_word' id='word_1_227' title='bbox 235 1905 498 1954; x_wconf 85' lang='lat' dir='ltr'><strong>sponsionibus</strong></span> <span class='ocrx_word' id='word_1_228' title='bbox 526 1909 565 1942; x_wconf 89' lang='lat' dir='ltr'><strong>et</strong></span> <span class='ocrx_word' id='word_1_229' title='bbox 595 1906 678 1941; x_wconf 88' lang='lat' dir='ltr'><strong>aliis</strong></span> <span class='ocrx_word' id='word_1_230' title='bbox 704 1906 890 1941; x_wconf 73' lang='lat' dir='ltr'><strong>exercitiis</strong></span> <span class='ocrx_word' id='word_1_231' title='bbox 916 1917 982 1951; x_wconf 90' lang='lat' dir='ltr'><strong>per</strong></span> <span class='ocrx_word' id='word_1_232' title='bbox 1006 1908 1154 1940; x_wconf 88' lang='lat' dir='ltr'><strong>statuta</strong></span> <span class='ocrx_word' id='word_1_233' title='bbox 1179 1905 1373 1952; x_wconf 87' lang='lat' dir='ltr'><strong>requisitis</strong></span> <span class='ocrx_word' id='word_1_234' title='bbox 1397 1905 1559 1940; x_wconf 88' lang='lat' dir='ltr'><strong>sufficiat</strong></span> <span class='ocrx_word' id='word_1_235' title='bbox 1583 1906 1616 1941; x_wconf 90' lang='lat' dir='ltr'><strong>ei</strong></span> <span class='ocrx_word' id='word_1_236' title='bbox 1642 1906 1689 1942; x_wconf 84' lang='lat' dir='ltr'><strong>ad</strong></span> 
     </span>
     <span class='ocr_line' id='line_1_27' title="bbox 235 1963 1689 2011; baseline -0.001 -11"><span class='ocrx_word' id='word_1_237' title='bbox 235 1963 488 2011; x_wconf 87' lang='lat' dir='ltr'><strong>incipiendum</strong></span> <span class='ocrx_word' id='word_1_238' title='bbox 511 1964 549 1999; x_wconf 85' lang='lat' dir='ltr'><strong>iu</strong></span> <span class='ocrx_word' id='word_1_239' title='bbox 567 1963 695 1999; x_wconf 90' lang='lat' dir='ltr'><strong>eodem</strong></span> <span class='ocrx_word' id='word_1_240' title='bbox 713 1964 792 1999; x_wconf 89' lang='lat' dir='ltr'><strong>iure</strong></span> <span class='ocrx_word' id='word_1_241' title='bbox 844 1964 1086 1999; x_wconf 82' lang='lat' dir='ltr'><strong>Presentatus</strong></span> <span class='ocrx_word' id='word_1_242' title='bbox 1103 1975 1170 2010; x_wconf 89' lang='lat' dir='ltr'><strong>per</strong></span> <span class='ocrx_word' id='word_1_243' title='bbox 1186 1963 1376 1999; x_wconf 89' lang='lat' dir='ltr'><strong>doctorem</strong></span> <span class='ocrx_word' id='word_1_244' title='bbox 1395 1963 1502 2010; x_wconf 87' lang='lat' dir='ltr'><strong>Byng</strong></span> <span class='ocrx_word' id='word_1_245' title='bbox 1523 1966 1567 1999; x_wconf 92' lang='grc'><strong>10</strong></span> <span class='ocrx_word' id='word_1_246' title='bbox 1583 1964 1606 1999; x_wconf 91' lang='lat' dir='ltr'>J</span> <span class='ocrx_word' id='word_1_247' title='bbox 1612 1964 1689 1999; x_wconf 87' lang='lat' dir='ltr'><strong>unii</strong></span> 
     </span>
    </p>

    <p class='ocr_par' dir='ltr' id='par_1_9' title="bbox 141 2021 1688 2128">
     <span class='ocr_line' id='line_1_28' title="bbox 141 2021 1688 2070; baseline -0.001 -11"><span class='ocrx_word' id='word_1_248' title='bbox 141 2022 282 2059; x_wconf 84' lang='lat' dir='ltr'><strong>Eadem</strong></span> <span class='ocrx_word' id='word_1_249' title='bbox 309 2023 430 2070; x_wconf 84' lang='lat' dir='ltr'><strong>gratia</strong></span> <span class='ocrx_word' id='word_1_250' title='bbox 457 2022 675 2058; x_wconf 84' lang='lat' dir='ltr'><strong>conceditur</strong></span> <span class='ocrx_word' id='word_1_251' title='bbox 708 2025 753 2058; x_wconf 96' lang='grc'><strong>22</strong></span> <span class='ocrx_word' id='word_1_252' title='bbox 783 2022 927 2068; x_wconf 88' lang='lat' dir='ltr'><strong>Aprilis</strong></span> <span class='ocrx_word' id='word_1_253' title='bbox 956 2022 1134 2068; x_wconf 82' lang='lat' dir='ltr'><strong>magistro</strong></span> <span class='ocrx_word' id='word_1_254' title='bbox 1167 2021 1350 2058; x_wconf 88' lang='lat' dir='ltr'><strong>Edwardo</strong></span> <span class='ocrx_word' id='word_1_255' title='bbox 1384 2022 1575 2070; x_wconf 87' lang='lat' dir='ltr'><strong>Stauhope</strong></span> <span class='ocrx_word' id='word_1_256' title='bbox 1604 2035 1688 2058; x_wconf 89' lang='lat' dir='ltr'><strong>cum</strong></span> 
     </span>
     <span class='ocr_line' id='line_1_29' title="bbox 233 2080 1524 2128; baseline -0.001 -10"><span class='ocrx_word' id='word_1_257' title='bbox 233 2082 360 2118; x_wconf 86' lang='lat' dir='ltr'><strong>studio</strong></span> <span class='ocrx_word' id='word_1_258' title='bbox 385 2083 405 2118; x_wconf 91' lang='lat'><strong>7</strong></span> <span class='ocrx_word' id='word_1_259' title='bbox 430 2093 614 2117; x_wconf 86' lang='lat' dir='ltr'><strong>annorum</strong></span> <span class='ocrx_word' id='word_1_260' title='bbox 666 2081 908 2117; x_wconf 86' lang='lat' dir='ltr'><strong>Presentatus</strong></span> <span class='ocrx_word' id='word_1_261' title='bbox 935 2084 956 2116; x_wconf 91' lang='lat'>4</span> <span class='ocrx_word' id='word_1_262' title='bbox 981 2081 1003 2116; x_wconf 87' lang='lat' dir='ltr'>J</span> <span class='ocrx_word' id='word_1_263' title='bbox 1008 2081 1073 2116; x_wconf 89' lang='lat' dir='ltr'><strong>ulii</strong></span> <span class='ocrx_word' id='word_1_264' title='bbox 1100 2092 1167 2127; x_wconf 90' lang='lat' dir='ltr'><strong>per</strong></span> <span class='ocrx_word' id='word_1_265' title='bbox 1190 2080 1381 2117; x_wconf 87' lang='lat' dir='ltr'><strong>doctorem</strong></span> <span class='ocrx_word' id='word_1_266' title='bbox 1407 2081 1524 2128; x_wconf 87' lang='lat' dir='ltr'><strong>Binge</strong></span> 
     </span>
    </p>
   </div>
   <div class='ocr_carea' id='block_1_5' title="bbox 596 2308 1234 2365">
    <p class='ocr_par' dir='ltr' id='par_1_10' title="bbox 596 2308 1234 2365">
     <span class='ocr_line' id='line_1_30' title="bbox 596 2308 1234 2365; baseline -0.003 -13"><span class='ocrx_word' id='word_1_267' title='bbox 596 2309 905 2352; x_wconf 82' lang='lat' dir='ltr'><strong>Bacchalaurei</strong></span> <span class='ocrx_word' id='word_1_268' title='bbox 937 2309 981 2352; x_wconf 90' lang='lat' dir='ltr'><strong>in</strong></span> <span class='ocrx_word' id='word_1_269' title='bbox 1013 2308 1234 2365; x_wconf 85' lang='lat' dir='ltr'><strong>theologia</strong></span> 
     </span>
    </p>
   </div>
   <div class='ocr_carea' id='block_1_6' title="bbox 142 2422 1696 2942">
    <p class='ocr_par' dir='ltr' id='par_1_11' title="bbox 142 2422 1695 2648">
     <span class='ocr_line' id='line_1_31' title="bbox 142 2422 1690 2471; baseline 0 -12"><span class='ocrx_word' id='word_1_270' title='bbox 142 2422 367 2459; x_wconf 87' lang='lat' dir='ltr'><strong>Conceditur</strong></span> <span class='ocrx_word' id='word_1_271' title='bbox 386 2426 429 2459; x_wconf 87' lang='lat'><strong>14</strong></span> <span class='ocrx_word' id='word_1_272' title='bbox 446 2423 639 2460; x_wconf 85' lang='lat' dir='ltr'><strong>Februarii</strong></span> <span class='ocrx_word' id='word_1_273' title='bbox 658 2425 837 2471; x_wconf 86' lang='lat' dir='ltr'><strong>magistro</strong></span> <span class='ocrx_word' id='word_1_274' title='bbox 858 2424 1020 2460; x_wconf 89' lang='lat' dir='ltr'><strong>Roberto</strong></span> <span class='ocrx_word' id='word_1_275' title='bbox 1040 2424 1205 2470; x_wconf 76' lang='lat' dir='ltr'><strong>Norgate</strong></span> <span class='ocrx_word' id='word_1_276' title='bbox 1223 2427 1264 2459; x_wconf 93' lang='lat' dir='ltr'><strong>vt</strong></span> <span class='ocrx_word' id='word_1_277' title='bbox 1283 2423 1453 2460; x_wconf 88' lang='lat' dir='ltr'><strong>studium</strong></span> <span class='ocrx_word' id='word_1_278' title='bbox 1472 2426 1492 2460; x_wconf 92' lang='grc'>7</span> <span class='ocrx_word' id='word_1_279' title='bbox 1506 2435 1690 2459; x_wconf 81' lang='lat' dir='ltr'><strong>annorum</strong></span> 
     </span>
     <span class='ocr_line' id='line_1_32' title="bbox 238 2482 1692 2530; baseline 0.001 -13"><span class='ocrx_word' id='word_1_280' title='bbox 238 2482 276 2518; x_wconf 91' lang='lat' dir='ltr'><strong>in</strong></span> <span class='ocrx_word' id='word_1_281' title='bbox 299 2482 483 2529; x_wconf 84' lang='lat' dir='ltr'><strong>theologia</strong></span> <span class='ocrx_word' id='word_1_282' title='bbox 505 2485 706 2530; x_wconf 80' lang='lat' dir='ltr'><strong>postquam</strong></span> <span class='ocrx_word' id='word_1_283' title='bbox 729 2483 867 2519; x_wconf 82' lang='lat' dir='ltr'><strong>rexerit</strong></span> <span class='ocrx_word' id='word_1_284' title='bbox 888 2484 925 2519; x_wconf 90' lang='lat' dir='ltr'><strong>in</strong></span> <span class='ocrx_word' id='word_1_285' title='bbox 948 2483 1096 2519; x_wconf 88' lang='lat' dir='ltr'><strong>artibus</strong></span> <span class='ocrx_word' id='word_1_286' title='bbox 1117 2495 1204 2519; x_wconf 89' lang='lat' dir='ltr'><strong>cum</strong></span> <span class='ocrx_word' id='word_1_287' title='bbox 1225 2482 1527 2530; x_wconf 88' lang='lat' dir='ltr'><strong>opposicionibus</strong></span> <span class='ocrx_word' id='word_1_288' title='bbox 1543 2495 1692 2529; x_wconf 83' lang='lat' dir='ltr'><strong>respon-</strong></span> 
     </span>
     <span class='ocr_line' id='line_1_33' title="bbox 237 2540 1695 2589; baseline 0.001 -13"><span class='ocrx_word' id='word_1_289' title='bbox 237 2540 404 2577; x_wconf 86' lang='lat' dir='ltr'><strong>sionibus</strong></span> <span class='ocrx_word' id='word_1_290' title='bbox 425 2541 661 2577; x_wconf 84' lang='lat' dir='ltr'><strong>sermonibus</strong></span> <span class='ocrx_word' id='word_1_291' title='bbox 683 2545 723 2577; x_wconf 89' lang='lat' dir='ltr'><strong>et</strong></span> <span class='ocrx_word' id='word_1_292' title='bbox 745 2541 830 2577; x_wconf 87' lang='lat' dir='ltr'><strong>aliis</strong></span> <span class='ocrx_word' id='word_1_293' title='bbox 851 2542 1038 2578; x_wconf 81' lang='lat' dir='ltr'><strong>exercitiis</strong></span> <span class='ocrx_word' id='word_1_294' title='bbox 1062 2553 1128 2588; x_wconf 88' lang='lat' dir='ltr'><strong>per</strong></span> <span class='ocrx_word' id='word_1_295' title='bbox 1150 2544 1300 2578; x_wconf 82' lang='lat' dir='ltr'><strong>statuta</strong></span> <span class='ocrx_word' id='word_1_296' title='bbox 1319 2541 1512 2589; x_wconf 83' lang='lat' dir='ltr'><strong>requisitis</strong></span> <span class='ocrx_word' id='word_1_297' title='bbox 1532 2542 1695 2578; x_wconf 88' lang='lat' dir='ltr'><strong>sufficiat</strong></span> 
     </span>
     <span class='ocr_line' id='line_1_34' title="bbox 238 2600 1537 2648; baseline 0 -12"><span class='ocrx_word' id='word_1_298' title='bbox 238 2600 271 2636; x_wconf 90' lang='lat' dir='ltr'><strong>ei</strong></span> <span class='ocrx_word' id='word_1_299' title='bbox 289 2604 369 2636; x_wconf 87' lang='lat' dir='ltr'><strong>tam</strong></span> <span class='ocrx_word' id='word_1_300' title='bbox 385 2600 433 2636; x_wconf 88' lang='lat' dir='ltr'><strong>ad</strong></span> <span class='ocrx_word' id='word_1_301' title='bbox 451 2600 715 2647; x_wconf 83' lang='lat' dir='ltr'><strong>opponendum</strong></span> <span class='ocrx_word' id='word_1_302' title='bbox 732 2612 848 2646; x_wconf 85' lang='lat' dir='ltr'><strong>quam</strong></span> <span class='ocrx_word' id='word_1_303' title='bbox 865 2600 913 2636; x_wconf 91' lang='lat' dir='ltr'><strong>ad</strong></span> <span class='ocrx_word' id='word_1_304' title='bbox 931 2600 1152 2636; x_wconf 87' lang='lat' dir='ltr'><strong>intrandum</strong></span> <span class='ocrx_word' id='word_1_305' title='bbox 1171 2601 1209 2636; x_wconf 91' lang='lat' dir='ltr'><strong>in</strong></span> <span class='ocrx_word' id='word_1_306' title='bbox 1228 2612 1333 2636; x_wconf 83' lang='lat' dir='ltr'><strong>sacra</strong></span> <span class='ocrx_word' id='word_1_307' title='bbox 1350 2601 1537 2648; x_wconf 83' lang='lat' dir='ltr'><strong>theologia</strong></span> 
     </span>
    </p>

    <p class='ocr_par' dir='ltr' id='par_1_12' title="bbox 145 2658 1696 2942">
     <span class='ocr_line' id='line_1_35' title="bbox 145 2658 1695 2706; baseline 0.001 -12"><span class='ocrx_word' id='word_1_308' title='bbox 145 2658 286 2694; x_wconf 83' lang='lat' dir='ltr'><strong>Eadem</strong></span> <span class='ocrx_word' id='word_1_309' title='bbox 308 2659 429 2705; x_wconf 87' lang='lat' dir='ltr'><strong>gratia</strong></span> <span class='ocrx_word' id='word_1_310' title='bbox 451 2658 668 2695; x_wconf 83' lang='lat' dir='ltr'><strong>conceditur</strong></span> <span class='ocrx_word' id='word_1_311' title='bbox 685 2662 707 2694; x_wconf 90' lang='grc'>8</span> <span class='ocrx_word' id='word_1_312' title='bbox 725 2659 918 2695; x_wconf 86' lang='lat' dir='ltr'><strong>Februarii</strong></span> <span class='ocrx_word' id='word_1_313' title='bbox 942 2660 1122 2706; x_wconf 82' lang='lat' dir='ltr'><strong>magistro</strong></span> <span class='ocrx_word' id='word_1_314' title='bbox 1140 2659 1204 2695; x_wconf 92' lang='lat' dir='ltr'><strong>W⁰</strong></span> <span class='ocrx_word' id='word_1_315' title='bbox 1220 2661 1383 2696; x_wconf 86' lang='lat' dir='ltr'><strong>Stanton</strong></span> <span class='ocrx_word' id='word_1_316' title='bbox 1437 2663 1480 2696; x_wconf 90' lang='lat'><strong>14</strong></span> <span class='ocrx_word' id='word_1_317' title='bbox 1502 2660 1695 2696; x_wconf 83' lang='lat' dir='ltr'><strong>Februarii</strong></span> 
     </span>
     <span class='ocr_line' id='line_1_36' title="bbox 238 2718 1694 2765; baseline 0.001 -11"><span class='ocrx_word' id='word_1_318' title='bbox 238 2719 416 2764; x_wconf 83' lang='lat' dir='ltr'><strong>magistro</strong></span> <span class='ocrx_word' id='word_1_319' title='bbox 433 2718 523 2754; x_wconf 90' lang='lat' dir='ltr'><strong>Tho.</strong></span> <span class='ocrx_word' id='word_1_320' title='bbox 541 2719 684 2754; x_wconf 89' lang='lat' dir='ltr'><strong>Leacbe</strong></span> <span class='ocrx_word' id='word_1_321' title='bbox 733 2722 778 2754; x_wconf 84' lang='lat'><strong>25</strong></span> <span class='ocrx_word' id='word_1_322' title='bbox 797 2718 991 2755; x_wconf 85' lang='lat' dir='ltr'><strong>Februarii</strong></span> <span class='ocrx_word' id='word_1_323' title='bbox 1010 2719 1189 2765; x_wconf 87' lang='lat' dir='ltr'><strong>magistro</strong></span> <span class='ocrx_word' id='word_1_324' title='bbox 1207 2719 1298 2755; x_wconf 89' lang='lat' dir='ltr'><strong>Tho.</strong></span> <span class='ocrx_word' id='word_1_325' title='bbox 1316 2719 1451 2755; x_wconf 83' lang='lat' dir='ltr'><strong>Farfax</strong></span> <span class='ocrx_word' id='word_1_326' title='bbox 1500 2723 1546 2755; x_wconf 82' lang='lat'><strong>25</strong></span> <span class='ocrx_word' id='word_1_327' title='bbox 1565 2720 1694 2756; x_wconf 85' lang='lat' dir='ltr'><strong>Martii</strong></span> 
     </span>
     <span class='ocr_line' id='line_1_37' title="bbox 240 2771 1694 2825; baseline 0.002 -13"><span class='ocrx_word' id='word_1_328' title='bbox 240 2777 420 2823; x_wconf 86' lang='lat' dir='ltr'><strong>magistro</strong></span> <span class='ocrx_word' id='word_1_329' title='bbox 439 2778 596 2824; x_wconf 86' lang='lat' dir='ltr'><strong>Georgio</strong></span> <span class='ocrx_word' id='word_1_330' title='bbox 620 2778 743 2814; x_wconf 89' lang='lat' dir='ltr'><strong>Slater</strong></span> <span class='ocrx_word' id='word_1_331' title='bbox 792 2781 837 2814; x_wconf 91' lang='grc'><strong>23</strong></span> <span class='ocrx_word' id='word_1_332' title='bbox 855 2777 998 2825; x_wconf 89' lang='lat' dir='ltr'><strong>Aprilis</strong></span> <span class='ocrx_word' id='word_1_333' title='bbox 1020 2778 1200 2824; x_wconf 87' lang='lat' dir='ltr'><strong>magistro</strong></span> <span class='ocrx_word' id='word_1_334' title='bbox 1224 2777 1385 2813; x_wconf 89' lang='lat' dir='ltr'><strong>Ricardo</strong></span> <span class='ocrx_word' id='word_1_335' title='bbox 1407 2779 1542 2825; x_wconf 87' lang='lat' dir='ltr'><strong>Smyth</strong></span> <span class='ocrx_word' id='word_1_336' title='bbox 1562 2782 1600 2814; x_wconf 87' lang='lat' dir='ltr'><strong>et</strong></span> <span class='ocrx_word' id='word_1_337' title='bbox 1618 2771 1694 2815; x_wconf 73' lang='lat' dir='ltr'><strong>ma-</strong></span> 
     </span>
     <span class='ocr_line' id='line_1_38' title="bbox 242 2836 1696 2884; baseline 0.002 -13"><span class='ocrx_word' id='word_1_338' title='bbox 242 2837 359 2882; x_wconf 88' lang='lat' dir='ltr'><strong>gistro</strong></span> <span class='ocrx_word' id='word_1_339' title='bbox 381 2837 438 2872; x_wconf 87' lang='lat' dir='ltr'><strong>Jo.</strong></span> <span class='ocrx_word' id='word_1_340' title='bbox 464 2837 598 2873; x_wconf 87' lang='lat' dir='ltr'><strong>Sterne</strong></span> <span class='ocrx_word' id='word_1_341' title='bbox 647 2840 694 2874; x_wconf 87' lang='grc'><strong>29</strong></span> <span class='ocrx_word' id='word_1_342' title='bbox 716 2837 860 2884; x_wconf 83' lang='lat' dir='ltr'><strong>Aprilis</strong></span> <span class='ocrx_word' id='word_1_343' title='bbox 883 2837 1062 2883; x_wconf 88' lang='lat' dir='ltr'><strong>magistro</strong></span> <span class='ocrx_word' id='word_1_344' title='bbox 1086 2836 1268 2873; x_wconf 86' lang='lat' dir='ltr'><strong>Nicholao</strong></span> <span class='ocrx_word' id='word_1_345' title='bbox 1290 2837 1476 2873; x_wconf 89' lang='lat' dir='ltr'><strong>Chalenor</strong></span> <span class='ocrx_word' id='word_1_346' title='bbox 1533 2841 1568 2873; x_wconf 76' lang='grc' dir='ltr'><strong>1ο</strong></span> <span class='ocrx_word' id='word_1_347' title='bbox 1590 2838 1696 2874; x_wconf 89' lang='lat' dir='ltr'><strong>Junii</strong></span> 
     </span>
     <span class='ocr_line' id='line_1_39' title="bbox 240 2894 1695 2942; baseline 0.001 -12"><span class='ocrx_word' id='word_1_348' title='bbox 240 2894 420 2941; x_wconf 87' lang='lat' dir='ltr'><strong>magistro</strong></span> <span class='ocrx_word' id='word_1_349' title='bbox 438 2894 590 2940; x_wconf 89' lang='lat' dir='ltr'><strong>Hugoni</strong></span> <span class='ocrx_word' id='word_1_350' title='bbox 609 2894 752 2931; x_wconf 88' lang='lat' dir='ltr'><strong>Boothe</strong></span> <span class='ocrx_word' id='word_1_351' title='bbox 801 2898 840 2930; x_wconf 85' lang='lat'><strong>3⁰</strong></span> <span class='ocrx_word' id='word_1_352' title='bbox 855 2895 878 2930; x_wconf 86' lang='lat' dir='ltr'><strong>J</strong></span> <span class='ocrx_word' id='word_1_353' title='bbox 882 2895 962 2931; x_wconf 91' lang='lat' dir='ltr'><strong>unii</strong></span> <span class='ocrx_word' id='word_1_354' title='bbox 980 2895 1160 2941; x_wconf 87' lang='lat' dir='ltr'><strong>magistro</strong></span> <span class='ocrx_word' id='word_1_355' title='bbox 1179 2894 1343 2930; x_wconf 88' lang='lat' dir='ltr'><strong>Roberto</strong></span> <span class='ocrx_word' id='word_1_356' title='bbox 1360 2895 1477 2942; x_wconf 87' lang='lat' dir='ltr'><strong>Sayer</strong></span> <span class='ocrx_word' id='word_1_357' title='bbox 1526 2898 1571 2931; x_wconf 82' lang='grc'><strong>24</strong></span> <span class='ocrx_word' id='word_1_358' title='bbox 1588 2896 1611 2932; x_wconf 90' lang='lat' dir='ltr'>J</span> <span class='ocrx_word' id='word_1_359' title='bbox 1615 2897 1695 2933; x_wconf 90' lang='lat' dir='ltr'><strong>unii</strong></span> 
     </span>
    </p>
   </div>
  </div>
 </body>
</html>
