2008 3294
133 212 354 270 1587-88]
717 218 869 252 saaca
899 216 1024 250 Boon
1055 216 1084 248 Δ
1593 200 1677 246 427

170 334 173 335 ’
225 325 371 362 artibus
395 323 586 371 magistris
644 325 691 359 20
715 321 940 358 Novembris
970 319 1135 356 Roberto
1162 317 1284 364 Sharp
1310 317 1348 352 in
1375 315 1522 352 artibus
1548 315 1681 362 magis-

225 388 285 422 tro
343 388 389 421 15
413 384 520 421 Junii
549 383 658 420 Edm.
686 381 811 418 Battie
837 386 877 417 et
906 380 1082 416 Eleasaro
1113 378 1223 413 Knox
1251 376 1292 412 in
1320 375 1466 412 artibus
1493 375 1683 421 magistris

229 446 274 481 19
289 443 313 480 J
315 443 397 480 unii
420 443 512 480 Tho.
531 442 677 479 Archer
695 441 735 477 in
753 439 900 477 artibus
923 438 1102 485 magistro
1123 440 1163 473 et
1185 440 1224 471 5⁰
1239 435 1263 471 J
1265 435 1332 472 ulii
1356 435 1499 470 Thome
1516 433 1684 470 Osborne

227 515 331 540 sacre
353 502 538 549 theologie
559 500 828 538 bacchalaureo
849 502 888 535 et
910 498 1001 534 Tho.
1022 495 1191 533 Leouard
1210 505 1313 531 sacre
1329 493 1513 539 theologie
1530 492 1683 528 baecha-

223 562 350 598 laureo

133 621 360 657 Conceditur
393 623 439 658 20
468 617 694 655 Novembris
722 619 766 653 vt
794 614 963 663 magistri
992 614 1163 650 doctores
1196 612 1314 648 Fulke
1348 611 1428 647 Bell
1462 610 1617 647 Barwell
1646 613 1685 645 et

228 673 359 716 Bettes
387 682 428 715 et
457 678 636 727 magister
661 675 902 714 Chadderton
931 675 1010 710 sint
1038 672 1185 720 judices
1213 672 1252 708 in
1281 683 1394 707 causa
1421 669 1686 718 appellacionis

229 738 392 774 doctoris
418 737 569 784 Lorkyn

135 797 363 834 Conceditur
385 796 515 833 eodem
533 799 575 832 vt
597 795 704 831 litere
726 794 839 830 misse
856 792 904 828 ad
921 791 1116 828 dominum
1133 790 1310 826 comitem
1334 789 1449 824 Essex
1468 787 1576 824 modo
1593 787 1687 823 lecte

229 855 439 903 sigillentur
455 854 577 901 sigillo
593 852 782 889 communi

137 914 364 951 Conceditur
392 916 439 950 20
467 911 694 949 Novembris
752 910 847 947 Cum
877 910 958 946 dies
986 908 1034 945 ad
1064 907 1358 956 philosophicam
1387 907 1685 954 disputacionem

230 973 411 1020 assignati
439 983 506 1019 per
534 974 681 1008 statuta
708 969 897 1007 academie
930 981 1004 1005 non
1035 968 1227 1004 sufficiunt
1256 967 1461 1014 incepturis
1490 966 1560 1002 hoc
1588 978 1688 1002 anno

232 1033 271 1069 in
303 1031 451 1070 artibus
483 1031 531 1067 ad
563 1034 672 1067 actus
704 1042 793 1066 suos
824 1028 1067 1065 scholasticos
1100 1026 1328 1074 peragendos
1361 1026 1484 1073 placet
1512 1026 1618 1062 vobis
1647 1029 1689 1060 vt

230 1095 357 1130 vestra
385 1091 612 1128 auctoritate
638 1090 779 1126 eisdem
809 1087 1016 1136 inceptui-is
1043 1086 1204 1123 liberum
1230 1086 1282 1121 sit
1308 1085 1411 1121 omni
1438 1086 1602 1132 profesto
1628 1084 1688 1120 die

231 1150 432 1188 cuiuslibet
457 1150 665 1197 septimane
691 1149 730 1184 in
755 1148 917 1184 termino
942 1146 1219 1194 disputaciones
1247 1147 1287 1181 et
1315 1145 1573 1192 responsiones
1601 1156 1689 1181 suas

231 1222 318 1246 cum
346 1209 538 1256 magistris
570 1218 744 1255 peragere
775 1210 856 1242 tam
885 1206 924 1241 in
953 1205 1081 1241 schola
1109 1203 1322 1241 dialectices
1349 1214 1465 1250 quam
1494 1204 1533 1239 in
1562 1203 1689 1240 schola

233 1268 467 1316 philosophie
499 1266 548 1304 ab
579 1266 672 1303 hora
704 1277 803 1302 nona
835 1263 1133 1301 antemeridiana
1164 1274 1278 1309 vsque
1310 1262 1358 1298 ad
1387 1262 1622 1298 vndecimam
1651 1267 1689 1298 et

233 1327 283 1364 ab
314 1328 406 1364 hora
438 1327 560 1374 prima
592 1324 850 1373 pomeridiana
881 1323 929 1360 ad
962 1323 1114 1359 tertiam
1147 1324 1187 1358 et
1218 1321 1281 1357 ille
1312 1321 1590 1368 disputaciones
1623 1333 1690 1368 pro

233 1386 411 1434 legitimis
439 1385 651 1422 habeantur
679 1383 790 1420 modo
819 1382 971 1420 intersit
996 1393 1093 1418 vnus
1126 1382 1408 1428 procuratorum
1436 1383 1475 1416 et
1504 1392 1600 1416 vnus
1630 1381 1689 1416 be-

233 1445 354 1482 dellus
375 1447 415 1481 et
436 1444 565 1481 decem
587 1443 635 1479 ad
658 1442 784 1479 minus
807 1441 1056 1478 bacchalaurii
1080 1441 1120 1476 in
1143 1438 1337 1476 habitibus
1358 1439 1437 1475 suis
1458 1439 1692 1476 scholasticis

235 1506 274 1539 et
301 1502 518 1549 questiones
550 1499 778 1548 disputanda
808 1499 927 1535 valvis
959 1498 1171 1534 scholarum
1204 1497 1404 1543 affigantur
1436 1496 1526 1533 hora
1559 1500 1691 1532 octava

235 1561 531 1598 antemeridiana
555 1559 723 1596 eiusdem
746 1558 821 1596 diei
846 1570 922 1606 quo
946 1559 1073 1595 future
1097 1560 1188 1593 sunt
1212 1556 1491 1603 disputaciones

142 1618 369 1657 Conceditur
393 1621 438 1654 22
465 1617 594 1654 Martii
652 1616 750 1653 Cum
773 1628 848 1652 non
871 1617 926 1652 ita
947 1615 1093 1663 pridem
1116 1618 1242 1651 vestra
1266 1614 1449 1650 facilitate
1473 1626 1689 1650 concessum

234 1678 309 1714 fuit
343 1677 414 1714 hoc
450 1688 550 1712 anno
586 1675 793 1723 incepturis
829 1676 868 1711 in
906 1675 1053 1711 artibus
1088 1676 1130 1710 vt
1163 1673 1444 1720 disputaciones
1479 1685 1568 1709 suas
1595 1686 1690 1709 ,cum

237 1736 426 1783 magistris
453 1738 672 1783 peragerent
699 1734 856 1782 singulis
882 1733 1015 1770 diebus
1039 1733 1216 1781 profestis
1240 1732 1289 1768 ab
1314 1733 1404 1768 hora
1429 1733 1483 1768 ix*
1506 1732 1554 1769 ad
1579 1733 1691 1769 vnde-

236 1796 374 1833 cimam
395 1794 732 1832 antemeridianam
755 1798 794 1830 et
817 1794 866 1830 ab
888 1795 980 1830 hora
1002 1795 1033 1830 i·
1047 1793 1096 1829 ad
1119 1793 1272 1829 tertiam
1295 1793 1591 1839 pomeridianam
1613 1796 1693 1829 tam

237 1855 277 1892 in
300 1855 427 1892 schola
450 1854 684 1902 philosophie
713 1865 828 1901 quam
857 1853 1071 1890 dialectices
1100 1864 1168 1889 nec
1197 1852 1320 1888 adhuc
1349 1852 1477 1888 tame'n
1506 1852 1694 1888 sufficiant

238 1914 292 1951 eis
313 1914 592 1961 disputaciones
607 1913 746 1960 quibus
768 1913 957 1950 academie
980 1913 1138 1949 statutis
1159 1912 1375 1948 satisfacere
1394 1914 1554 1959 possunt
1572 1912 1696 1960 placet

238 1972 346 2010 vobis
366 1975 410 2009 vt
434 1972 546 2009 liceat
571 1972 712 2009 eisdem
738 1972 896 2019 singulis
919 1971 1053 2008 diebus
1077 1970 1304 2018 supradictis
1328 1971 1443 2006 etiam
1468 1970 1516 2006 ab
1540 1970 1632 2007 hora
1657 1974 1696 2007 3·

239 2031 496 2080 pomeridiana
521 2031 569 2068 ad
594 2032 769 2079 quintam
795 2043 881 2067 cum
912 2030 1102 2078 magistris
1130 2029 1324 2077 disputare
1348 2030 1403 2066 ita
1427 2033 1555 2066 tamen
1582 2034 1623 2066 vt
1647 2030 1694 2066 ad

239 2102 282 2127 ea
306 2090 432 2127 omnia
456 2089 587 2126 stricte
611 2088 843 2125 observanda
867 2091 1069 2124 teneantur
1090 2099 1250 2134 quorum
1275 2088 1416 2124 mentio
1438 2089 1537 2124 sacta
1559 2089 1633 2125 fuit
1655 2089 1694 2125 in

240 2150 421 2198 superiori
443 2149 680 2185 concessione
702 2152 827 2185 vestra

145 2209 370 2246 Conceditur
394 2211 438 2245 16
461 2207 679 2244 Decembris
696 2211 738 2244 vt
760 2219 872 2255 super
894 2207 1131 2243 concessione
1148 2210 1273 2242 vestra
1291 2218 1407 2253 quam
1425 2218 1544 2254 nuper
1562 2207 1695 2244 habuit

239 2268 417 2315 magister
439 2267 464 2304 J
466 2279 498 2303 0.
526 2267 680 2303 Bacster
703 2267 756 2314 ju.
783 2266 831 2303 de
855 2266 943 2302 vino
968 2265 1162 2302 vendendo
1192 2266 1320 2302 literas
1349 2266 1487 2303 habeat
1514 2267 1697 2314 sigillatas

240 2327 361 2374 sigillo
384 2330 511 2363 vestro
535 2326 727 2362 communi

148 2386 375 2423 Conceditur
395 2389 440 2422 29
462 2385 591 2422 Martii
651 2385 735 2422 Etsi
760 2384 907 2421 tardius
932 2384 1044 2432 paulo
1066 2396 1152 2420 cum
1176 2388 1303 2420 tamen
1327 2384 1366 2420 id
1386 2385 1540 2421 tandem
1562 2386 1696 2432 presti-

244 2445 334 2481 terit
355 2444 535 2491 magister
557 2443 654 2480 Hen.
673 2442 808 2480 Clarke
831 2442 933 2490 quod
957 2454 1106 2479 summo
1130 2442 1256 2479 favore
1279 2446 1404 2479 vestro
1426 2444 1460 2480 ei
1484 2444 1697 2481 iniunctum

243 2506 326 2540 erat
347 2502 394 2539 de
415 2501 688 2550 ingratitudine
710 2512 780 2537 sua
803 2501 841 2537 in
862 2500 1093 2537 academiam
1110 2504 1149 2537 et
1165 2500 1397 2538 academicos
1416 2506 1558 2539 vestros
1574 2504 1698 2550 placet

243 2562 351 2599 vobis
371 2565 415 2598 vt
438 2573 483 2598 ex
507 2561 629 2608 gratia
651 2563 777 2597 vestra
801 2560 953 2607 speciali
977 2559 1108 2596 eodem
1130 2572 1206 2607 quo
1230 2561 1335 2608 prius
1358 2562 1414 2597 vti
1439 2562 1551 2598 liceat
1572 2563 1698 2599 favore

245 2624 368 2657 vestro
397 2624 511 2667 atque
535 2622 578 2656 vt
605 2618 721 2656 libere
745 2631 832 2655 cum
859 2619 1082 2655 academicis
1106 2619 1242 2655 vestris
1270 2620 1532 2657 commertium
1561 2621 1698 2658 habere

243 2680 365 2728 possit
388 2679 467 2727 lege
491 2679 571 2716 sive
594 2678 742 2715 decreto
767 2681 892 2715 vestro
916 2678 1005 2715 inde
1029 2678 1130 2715 edito
1155 2690 1230 2715 non
1255 2679 1429 2716 obstante

151 2741 330 2778 Whereas
358 2739 426 2776 the
453 2738 676 2775 vniuersitie
700 2750 800 2786 vpon
826 2750 930 2774 some
954 2737 1161 2774 vnadvised
1185 2738 1365 2785 speaches
1388 2739 1536 2776 vttered
1564 2740 1614 2788 by
1641 2753 1700 2777 me

246 2800 287 2835 in
308 2811 332 2835 a
353 2801 530 2846 certayne
547 2797 780 2844 worshipfull
802 2797 1002 2834 assemblie
1018 2798 1060 2834 of
1077 2803 1132 2833 mr
1147 2797 1447 2834 vioechauncelor
1462 2798 1492 2834 &
1512 2805 1566 2834 mr
1582 2801 1701 2836 maior

245 2857 320 2894 and
336 2857 436 2893 their
451 2857 696 2901 assistaunce,
715 2855 790 2892 and
807 2855 887 2892 also
904 2856 962 2891 for
980 2867 1084 2891 some
1099 2855 1356 2903 discourtesye
1376 2856 1512 2892 offered
1530 2856 1580 2904 by
1597 2869 1700 2894 some

247 2917 289 2952 of
309 2928 374 2964 my
394 2916 519 2953 howse
540 2918 633 2952 vnto
653 2915 831 2963 Wylliam
856 2915 1072 2951 Hammond
1095 2927 1118 2951 a
1139 2914 1320 2951 schollars
1341 2919 1514 2958 servant;
1538 2916 1603 2952 did
1626 2917 1699 2953 dis-
