2002 3236
307 155 364 198 10
890 174 1044 210 emes
1072 176 1198 211 soon
1227 179 1258 211 Δ
1635 171 1857 229 [1543-44

912 488 1243 547 [1543—1544]

168 613 196 652 f·
220 614 282 652 4b
304 617 454 659 Gratie
481 617 576 660 siue
605 618 842 674 petitiones
871 633 1070 663 concesse
1100 620 1146 662 in
1177 620 1307 677 plena
1338 621 1671 678 congregatione
1702 636 1852 678 regen-

419 686 530 729 tium
574 693 620 730 et
670 702 755 729 non
799 689 1049 745 regentium
1089 704 1116 732 a
1157 690 1267 732 festo
1315 689 1544 733 Michaelis
1588 705 1702 733 anno
1739 691 1852 732 1543

420 771 556 813 vsque
591 756 646 799 ad
678 757 811 799 iidem
849 758 1008 800 festum
1051 764 1212 801 extunc
1246 759 1441 816 proxime
1481 774 1666 817 sequens
1754 760 1851 802 doc-

418 832 510 869 tore
552 826 798 870 Edmondes
845 833 891 870 et
934 827 1109 871 doctore
1160 828 1347 885 Smythe
1399 828 1760 872 vicecancellariis
1805 835 1851 872 et

419 895 641 953 magistris
669 895 859 938 Hem-ico
884 895 1221 940 Cumberforthe
1243 897 1464 940 Willelmo
1485 897 1730 955 Waklynge
1756 913 1850 955 pro-

415 965 689 1008 curatoribus

299 1067 344 1102 In
378 1068 511 1114 primis
542 1068 760 1104 conceditur
791 1071 834 1104 vt
865 1081 995 1105 omnes
1026 1069 1146 1116 gratie
1178 1069 1413 1106 admittendo
1441 1073 1481 1105 et
1515 1069 1751 1106 concedende
1784 1081 1851 1116 per

392 1126 588 1164 dominum
613 1128 955 1164 vicecancellarium
983 1129 1174 1165 doctorem
1200 1128 1351 1176 Busbye
1375 1129 1574 1176 magistros
1600 1129 1695 1176 Pory
1719 1129 1851 1165 Foster

390 1190 430 1222 et
455 1185 702 1222 Sawnderson
725 1187 874 1233 possint
899 1199 1116 1223 concurrere
1138 1187 1178 1223 in
1198 1191 1362 1234 quatuor
1377 1187 1722 1234 congregationibus
1739 1187 1850 1223 istius

390 1245 480 1280 anni
498 1244 554 1280 ita
570 1244 670 1292 quod
687 1245 825 1292 singuli
842 1245 976 1282 horum
994 1246 1223 1282 vnanimiter
1238 1246 1478 1283 consentiant

297 1382 394 1418 Item
420 1382 636 1418 conceditur
659 1382 816 1429 Georgio
842 1382 930 1430 Mey
946 1382 1059 1419 huius
1075 1383 1336 1419 vniuersitatis
1359 1383 1398 1419 in
1417 1382 1565 1419 artibus
1584 1382 1846 1419 bacchalaurio

390 1446 432 1477 vt
455 1441 626 1478 studium
650 1445 689 1478 et
713 1442 879 1489 practica
903 1446 1048 1490 septem
1076 1454 1262 1479 annorum
1287 1443 1327 1478 in
1351 1446 1432 1479 arte
1457 1442 1601 1479 medica
1625 1442 1786 1479 sufficiat
1810 1443 1844 1478 ei

389 1501 437 1536 ad
464 1500 747 1547 practicandum
774 1501 814 1536 in
840 1501 970 1537 eadem
995 1501 1175 1537 facultate
1200 1501 1255 1537 ita
1283 1501 1384 1548 quod
1412 1501 1493 1537 eius
1519 1500 1680 1537 eruditio
1707 1502 1844 1537 exami-

389 1563 501 1594 netur
531 1560 572 1593 et
602 1557 832 1605 approbetur
862 1570 930 1605 per
961 1558 1153 1594 doctorem
1187 1557 1324 1605 Blythe
1358 1560 1398 1594 et
1431 1558 1654 1604 magistrum
1689 1557 1772 1605 Byll
1805 1561 1845 1594 et

389 1616 528 1652 habeat
543 1616 673 1655 literas
689 1617 871 1663 sigillatas
887 1617 1008 1664 sigillo
1025 1616 1215 1653 communi
1234 1616 1492 1652 vniuersitatis
1507 1616 1561 1652 sic
1580 1619 1622 1653 vt
1638 1616 1845 1653 satisfaciat

387 1677 576 1712 officiariis

769 1928 1082 1986 ‚Bacchalaurei
1112 1928 1158 1972 in
1188 1928 1357 1972 artibus

292 2050 335 2086 In
354 2050 486 2098 primis
502 2050 719 2087 conceditur
734 2049 932 2087 Edouerdo
949 2050 1126 2087 Godsalfo
1144 2053 1185 2086 vt
1203 2053 1246 2086 12
1269 2049 1422 2086 termini
1446 2048 1622 2097 completi
1642 2049 1681 2085 in
1701 2048 1840 2096 quibus

383 2109 562 2146 lectiones
587 2109 795 2146 ordinarias
822 2108 972 2145 audiuit
996 2121 1063 2156 per
1086 2108 1266 2145 maiorem
1292 2111 1439 2155 partem
1463 2107 1662 2144 cuiuslibet
1686 2108 1837 2144 termini

382 2180 469 2205 cum
486 2167 787 2217 oppositionibus
802 2172 842 2205 et
858 2167 1163 2216 responsionibus
1176 2167 1367 2215 requisitis
1379 2166 1567 2203 sufficiant
1579 2166 1613 2203 ei
1626 2166 1674 2203 ad
1687 2178 1836 2214 respon-

381 2228 546 2264 dendum
563 2228 752 2276 questioni

290 2287 387 2323 Item
405 2286 622 2323 conceditur
634 2286 778 2322 Thome
795 2286 911 2323 Yealo
934 2290 976 2322 vt
999 2289 1042 2322 12
1065 2285 1217 2322 termini
1237 2284 1413 2333 completi
1436 2285 1474 2321 in
1498 2284 1636 2332 quibus
1660 2285 1836 2323 lectiones

382 2346 590 2383 ordinarias
617 2345 767 2382 audiuit
796 2357 863 2394 per
887 2345 1065 2382 maiorem
1091 2348 1237 2393 partem
1264 2346 1302 2381 in
1328 2347 1409 2381 toto
1430 2356 1516 2381 cum
1538 2344 1836 2392 oppositionibus

381 2409 420 2441 et
438 2403 740 2452 responsionibus
757 2404 948 2451 requisitis
964 2404 1154 2440 sufficiant
1169 2404 1203 2439 ei
1221 2403 1267 2440 ad
1286 2402 1585 2451 respondendum
1601 2404 1788 2450 questioni

289 2462 427 2499 Eadem
454 2462 576 2509 gratia
601 2462 647 2499 de
676 2460 789 2498 verbo
819 2462 857 2498 in
888 2460 1044 2498 verbum
1073 2460 1290 2498 conceditur
1315 2459 1506 2508 Stephano
1536 2460 1649 2497 Enew
1678 2461 1834 2509 Georgio

383 2522 527 2569 Harrys
545 2521 745 2557 wilhelmo
761 2520 894 2557 Talero
913 2519 1076 2556 Roberto
1097 2518 1273 2567 Townley
1291 2518 1477 2555 Richardo
1494 2518 1652 2566 Wryght
1671 2519 1833 2556 Roberto

383 2579 620 2616 Beamounde
641 2578 802 2615 Roberto
821 2578 919 2615 Peell
936 2578 1075 2615 Joanni
1092 2577 1221 2614 Ebden
1239 2577 1383 2614 Simoni
1399 2576 1596 2625 Metoayffe
1612 2579 1652 2614 et
1670 2577 1832 2615 Henrico

380 2638 515 2675 Clarke

287 2698 383 2734 item
417 2696 634 2734 conceditur
663 2695 850 2733 Richardo
880 2695 1042 2732 Brookes
1075 2698 1115 2732 vt
1153 2698 1196 2732 12
1229 2694 1379 2731 termini
1413 2693 1587 2742 completi
1621 2694 1660 2731 in
1693 2694 1831 2743 quibus

380 2756 557 2792 lectiones
577 2754 784 2791 ordinarias
806 2753 955 2791 audiuit
980 2766 1046 2801 per
1068 2754 1245 2790 maiorem
1270 2756 1415 2800 {mrtem
1437 2752 1474 2789 in
1501 2756 1581 2789 toto
1606 2764 1691 2790 cum
1717 2765 1829 2802 oppo-

378 2814 579 2852 sitionibus
595 2818 634 2851 ct
651 2813 954 2862 renlmtisionibus
978 2813 1169 2861 requisitis
1191 2812 1380 2849 sufficiant
1401 2811 1433 2848 ei
1457 2810 1503 2848 ad
1530 2811 1828 2860 respondendum

378 2874 565 2922 questioni
592 2874 645 2909 nic
668 2872 768 2920 quod
793 2873 875 2909 eius
899 2872 1079 2909 adxninsio
1101 2875 1178 2908 stet
1202 2882 1268 2919 pro
1293 2869 1488 2918 completis
1510 2869 1625 2917 gradu
1648 2874 1687 2908 et
1709 2872 1829 2910 forma
