1976 3276
117 185 336 242 1572-73]
689 193 840 226 GRAcE
870 191 994 223 BOOK
1025 190 1055 223 Δ
1571 177 1655 218 259

723 678 1050 737 [1572-1573]

119 819 282 862 Gratiae
317 819 407 862 sive
442 820 681 877 peticiones
714 833 914 862 concesse
955 818 1000 860 in
1040 817 1170 875 plena
1201 815 1538 873 congregacione
1574 814 1659 857 Re-

234 890 434 946 gentium
485 895 531 932 et
578 904 664 931 non
710 887 975 944 Regentium
1023 903 1049 930 a
1096 888 1206 930 festo
1251 885 1390 929 sancti
1438 884 1663 928 Michaelis

236 960 482 1017 archangeli
522 975 635 1002 anno
670 959 835 1001 domini
873 958 986 1002 1572
1030 973 1164 1016 vsque
1200 957 1313 1000 idem
1355 957 1514 1000 festum
1557 961 1662 998 tunc

236 1029 429 1086 proxime
459 1044 643 1087 sequens
673 1029 839 1072 Thema
872 1029 1000 1087 Byng
1031 1029 1178 1085 legum
1209 1028 1381 1071 doctore
1415 1032 1521 1069 tunc
1551 1026 1663 1068 vice-

237 1100 489 1143 cancellario
529 1106 574 1143 et
614 1099 822 1143 Gualtero
862 1099 991 1142 Alein
1039 1104 1086 1142 et
1125 1099 1326 1142 Johanne
1366 1098 1527 1154 Tracye
1567 1111 1663 1154 pro-

238 1171 506 1214 curatoribus

125 1299 184 1333 12ο
201 1296 374 1332 Octobris
389 1296 566 1332 dominus
582 1295 908 1332 vicecancellarius
923 1295 1095 1332 doctores
1111 1294 1303 1342 Whitgyft
1319 1293 1479 1331 Randall
1503 1293 1672 1330 Hateher

215 1359 255 1392 et
271 1356 441 1403 magistri
459 1355 644 1392 Howland
661 1359 700 1392 et
717 1355 797 1392 Bell
814 1355 1055 1402 assignantur
1070 1358 1185 1402 caput
1202 1358 1356 1391 senatus
1373 1354 1490 1391 futuri
1507 1354 1597 1390 anni

124 1414 349 1451 Conceditur
371 1418 412 1450 21
435 1414 540 1450 Junii
563 1426 661 1450 anno
686 1416 793 1452 15720
811 1413 1030 1450 Nathanieli
1054 1414 1244 1450 Traherne
1263 1417 1306 1450 vt
1331 1417 1374 1450 12
1396 1413 1548 1450 termini
1570 1424 1670 1448 oom-

218 1473 309 1521 pleti
327 1474 364 1510 in
378 1473 516 1520 quibus
532 1473 710 1509 lectiones
723 1473 931 1510 ordinarias
943 1472 1090 1509 audivit
1106 1472 1194 1508 licet
1211 1484 1285 1508 non
1299 1473 1453 1508 omnino
1465 1471 1670 1508 secundum

218 1532 377 1568 formam
393 1533 529 1568 statuti
546 1544 632 1568 cum
650 1531 949 1579 oppositionibus
965 1535 1004 1568 et
1027 1531 1332 1579 responsionibus
1348 1531 1555 1578 ceterisque
1571 1543 1671 1567 exer-

219 1591 318 1627 citiis
335 1603 400 1638 per
415 1594 561 1628 statuta
577 1591 770 1638 requisitis
786 1591 974 1627 sufficiant
991 1591 1025 1627 ei
1042 1590 1090 1626 ad
1107 1590 1407 1638 respondendum
1425 1590 1613 1637 questioni

129 1651 237 1686 Mem.
272 1650 373 1696 quod
410 1650 516 1686 Idem
550 1650 739 1686 Traherne
773 1662 848 1686 non
886 1650 1060 1686 interfuit
1092 1650 1392 1697 oppositionibus
1423 1652 1463 1686 et
1495 1652 1673 1686 consueto

221 1709 382 1745 examini
399 1721 519 1757 neque
535 1709 658 1746 adfuit
675 1709 797 1756 primo
812 1709 873 1745 die
890 1709 1175 1756 quadragesime
1191 1721 1312 1756 neque
1329 1710 1438 1746 stetit
1458 1710 1497 1746 in
1514 1709 1673 1756 quadra-

220 1768 360 1815 gesima
376 1767 474 1804 vnde
489 1768 671 1804 forisfecit
688 1767 900 1804 cautionem
917 1771 978 1803 etc

127 1826 216 1863 Coll.
236 1827 420 1863 Johannis
442 1829 488 1863 28
539 1827 765 1863 Conceditur
789 1830 832 1863 16
849 1827 1022 1863 Januarii
1041 1828 1243 1864 Laurentio
1262 1828 1375 1864 Deios
1391 1831 1432 1864 vt
1457 1831 1500 1864 12
1521 1828 1674 1864 termini

222 1886 261 1921 in
289 1885 429 1933 quibus
457 1887 634 1922 lectiones
659 1886 866 1922 ordinarias
892 1886 1038 1922 audivit
1066 1887 1155 1923 licet
1183 1899 1257 1922 non
1286 1887 1439 1923 omnino
1467 1887 1674 1924 secundum

223 1945 381 1980 formam
415 1946 552 1981 statuti
589 1957 675 1981 cum
712 1945 1012 1992 oppositionibus
1046 1946 1351 1993 responsionibus
1384 1949 1424 1982 et
1457 1947 1542 1982 aliis
1575 1959 1674 1983 exer-

223 2004 322 2040 citiis
346 2016 412 2051 per
435 2007 581 2041 statuta
605 2004 798 2051 requisitis
822 2004 1010 2040 sufficiant
1031 2005 1065 2041 ei
1091 2005 1139 2041 ad
1165 2006 1464 2053 respondendum
1487 2007 1675 2054 questioni

132 2063 273 2099 Eadem
304 2064 425 2111 gratia
456 2063 672 2100 conceditur
706 2064 801 2101 Hen.
837 2064 1040 2111 Dykenson
1074 2064 1175 2101 Edw.
1211 2065 1347 2112 Smyth
1381 2066 1444 2101 ΨΟ
1478 2066 1587 2113 Meye
1619 2067 1676 2103 Si-

224 2122 325 2158 moni
352 2122 501 2158 Robson
523 2122 586 2158 ΨΟ
603 2122 730 2158 Carier
752 2121 911 2158 Ricardo
935 2122 1167 2159 Riohardson
1191 2124 1327 2160 Briano
1351 2125 1494 2173 Marley
1519 2126 1678 2162 Ricardo

225 2181 372 2216 Danicll
390 2181 451 2217 ΨΟ
469 2181 681 2228 Lightfoote
698 2181 805 2218 Edm.
824 2180 1004 2218 Robertes
1023 2182 1182 2218 Ricardo
1201 2183 1417 2220 Foxecrofte
1432 2184 1456 2219 J
1459 2197 1490 2222 o.
1507 2184 1678 2232 Wyneoll

226 2241 290 2276 ΨΟ
306 2240 437 2277 Carter
452 2240 515 2276 ΨΟ
532 2240 734 2288 Flemynge
753 2240 776 2275 J
778 2252 809 2278 ο.
829 2240 972 2288 Cooper
994 2241 1085 2277 Rob.
1104 2242 1385 2279 Brooklebanke
1402 2240 1464 2279 ΨΟ
1482 2244 1587 2291 Ellys
1608 2244 1676 2281 Ed.

229 2300 372 2336 Burton
391 2299 497 2337 Geor.
516 2300 660 2336 Turner
678 2299 861 2336 Lodovico
879 2300 1004 2336 Lewes
1024 2301 1125 2348 Step.
1145 2301 1281 2349 Smyth
1298 2302 1362 2338 ΨΟ
1378 2302 1520 2339 Webbe
1536 2304 1678 2340 Thome

228 2358 390 2406 Crosbye
406 2358 470 2394 ΨΟ
487 2359 627 2395 Boston
645 2359 668 2394 J
671 2371 702 2394 ο.
723 2359 846 2406 Lange
865 2359 960 2396 Hen.
979 2359 1153 2396 Webster
1171 2360 1333 2397 Roberto
1351 2362 1482 2398 Butler

136 2418 226 2454 Coll.
256 2417 389 2453 Trinit.
422 2420 464 2453 18
525 2417 666 2453 Eadem
699 2418 820 2464 gratia
851 2418 1068 2455 conceditur
1099 2419 1162 2455 ΨΟ
1196 2420 1390 2468 Hamptou
1425 2421 1523 2458 And.
1556 2422 1680 2458 Pount

228 2476 390 2513 Samueli
416 2476 639 2512 Backhowse
656 2476 762 2512 Geor.
783 2476 925 2512 Boothe
941 2477 965 2513 J
968 2477 1107 2514 ohanni
1126 2478 1316 2515 Beamond
1341 2480 1523 2517 Marmad.
1548 2481 1681 2517 Farrer

231 2534 320 2570 Rob.
349 2533 490 2570 Gibson
520 2533 692 2580 Philippo
723 2533 905 2569 Harrison
936 2534 1100 2571 Henrico
1130 2536 1280 2573 Randes
1307 2537 1370 2573 ΨΟ
1397 2538 1544 2574 Graunt
1577 2540 1678 2586 Step.

230 2592 351 2628 Baker
372 2592 513 2628 'rhome
539 2591 705 2638 Brogden
729 2592 809 2628 Noe
833 2592 981 2628 Ducket
998 2592 1131 2630 Carolo
1156 2595 1286 2631 Horne
1310 2595 1468 2632 Ricardo
1487 2597 1681 2650 Han-yson

230 2650 254 2686 J
257 2662 288 2686 o.
308 2650 462 2697 Pulleyn
479 2649 542 2686 ΨΟ
559 2650 699 2686 Harvie
715 2650 739 2686 J
742 2649 879 2697 osepho
896 2650 988 2686 Best

139 2709 228 2745 Con.
263 2709 404 2745 Christi
439 2712 483 2745 13
548 2709 646 2745 Item
679 2709 770 2745 Tho.
799 2709 1012 2756 Spakeman
1046 2710 1135 2746 Lan.
1171 2711 1356 2749 Hockuell
1384 2713 1486 2751 Alex.
1522 2716 1683 2763 Spenser

232 2768 369 2815 Theop.
394 2768 527 2804 Calver
549 2768 713 2804 Max-tino
737 2769 820 2815 Key
843 2768 934 2804 Rob.
960 2769 1105 2816 Draper
1126 2771 1217 2806 Tho.
1244 2772 1406 2809 Kendall
1429 2774 1520 2810 Tho.
1539 2766 1683 2812 Water'-

232 2838 320 2862 man
337 2827 359 2862 J
363 2827 500 2863 ohanni
519 2827 662 2874 Lynold
678 2827 702 2863 J
704 2839 735 2863 o.
754 2827 777 2864 J
781 2827 919 2863 ackson
935 2827 959 2863 J
961 2840 992 2864 ο.
1013 2829 1170 2866 Swanne
1188 2831 1346 2868 Ricardo
1363 2833 1508 2869 Burton
1526 2835 1685 2872 Ricardo

235 2886 358 2922 Banes

1448 2959 1577 2999 17—-2

1675 682 1843 722 f.109a
