2046 3224
182 137 402 193 1548-49]
765 143 917 177 omos·
947 143 1070 175 Boon
1103 142 1132 173 Δ
1677 128 1730 169 55

798 493 1125 550 [1548-1549]

181 617 332 660 Gratie
393 617 486 660 siue
547 615 789 673 peticiones
849 627 1047 656 concesse
1109 612 1155 655 in
1209 611 1339 669 plena
1393 609 1727 667 congregatione
1747 607 1771 646 f·
1797 608 1847 646 23
1868 622 1891 646 a

296 686 562 744 Regentium
591 691 637 728 et
662 700 750 728 non
778 683 1026 742 regentium
1049 697 1075 725 a
1096 682 1206 725 festo
1231 680 1457 724 Michaelis
1478 694 1591 723 anno
1615 680 1727 721 1548

296 772 430 814 vsque
460 755 515 799 ad
553 755 686 798 iidem
718 755 876 798 festum
913 758 1076 796 extunc
1108 751 1303 809 proxime
1337 764 1522 807 sequens
1554 748 1727 791 doctore

295 827 394 884 Byll
430 825 778 870 vicecancellario
814 829 860 867 et
903 822 1122 880 magistris
1165 820 1397 864 Edmundo
1439 818 1646 863 Grendall
1682 824 1728 861 et

297 895 507 940 Edwardo
539 895 800 952 Gasquoyne
831 891 1183 950 procuratoribus

180 1003 226 1040 In
251 1003 383 1050 primis
407 1002 624 1039 conceditur
649 1004 690 1038 vt
713 1012 844 1037 omnes
867 1001 986 1047 gratie
1008 999 1171 1035 admisse
1193 1000 1233 1034 et
1255 1009 1427 1034 concesse
1450 1009 1517 1044 per
1532 997 1728 1032 dominum

275 1061 617 1098 vicecancellarium
644 1060 815 1096 doctores
844 1059 1010 1095 Madewe
1038 1063 1078 1094 et
1108 1058 1236 1104 Davys
1259 1063 1298 1092 et
1323 1057 1522 1102 magistros
1550 1056 1666 1092 Perne
1689 1061 1728 1091 et

273 1121 396 1168 Byrde
424 1121 572 1168 possint
603 1130 820 1155 concurrere
850 1119 888 1154 in
921 1122 1086 1165 quatuor
1117 1115 1466 1163 congregationibus
1498 1115 1611 1151 huius
1639 1116 1727 1151 anni

274 1180 334 1216 Ita
350 1179 451 1226 quod
468 1179 607 1226 singuli
626 1178 758 1214 horum
776 1178 944 1224 quinque
962 1176 1190 1213 vnanimiter
1205 1175 1444 1211 consentiant

656 1471 964 1516 Bacchalaurei
995 1471 1041 1513 in
1072 1470 1240 1512 artibus

180 1607 225 1645 In
251 1607 384 1655 primis
407 1604 624 1642 conceditur
651 1604 832 1640 Nicholao
859 1603 983 1639 Luson
1007 1607 1050 1639 vt
1078 1605 1120 1638 12
1146 1602 1298 1638 termini
1324 1601 1500 1648 completi
1526 1602 1565 1637 in
1589 1600 1729 1648 quibus

272 1667 449 1702 lectiones
466 1664 673 1701 ordinarias
695 1663 843 1700 audiuit
866 1675 932 1710 per
958 1663 1136 1698 maiorem
1159 1664 1305 1708 partem
1323 1661 1362 1697 in
1379 1664 1461 1696 toto
1477 1673 1564 1696 cum
1581 1661 1726 1708 opposi-

271 1725 439 1762 tionibus
463 1729 502 1760 et
526 1723 830 1771 responsionibus
855 1723 1046 1769 requisitis
1072 1722 1263 1757 sufficiant
1292 1721 1325 1756 ei
1354 1721 1402 1757 ad
1427 1720 1726 1768 respondendum

271 1784 459 1832 questioni

177 1844 318 1881 Eadem
350 1843 470 1890 gratia
502 1842 549 1878 de
582 1841 694 1878 verbo
728 1842 766 1877 in
800 1840 956 1876 verbum
990 1839 1210 1876 conceditur
1251 1839 1482 1875 Christofero
1524 1839 1728 1874 Emer-sono

273 1902 436 1939 Henrico
454 1902 555 1938 Maio
571 1901 715 1937 'rhome
732 1900 895 1936 Willano
917 1899 1060 1936 Thome
1081 1899 1270 1946 Tompson
1287 1901 1326 1934 et
1345 1898 1530 1934 Richardo
1547 1899 1728 1945 Smytheo

179 1963 277 1999 Item
300 1960 518 1998 conceditur
539 1961 561 1996 J
565 1961 677 1996 oanni
700 1960 723 1995 J
727 1959 874 2006 osselyu
893 1963 934 1994 vt
955 1958 1127 1994 vndecim
1144 1958 1295 1994 termini
1313 1970 1400 1993 cum
1418 1959 1579 1993 termino
1597 1959 1634 1994 in
1653 1970 1728 2005 quo

270 2020 591 2058 determinaturus
614 2022 673 2054 est
698 2019 736 2054 in
766 2018 906 2065 quibus
930 2018 1110 2053 lectiones
1133 2016 1343 2052 ordinarias
1367 2016 1516 2052 audiuit
1540 2017 1627 2053 licet
1654 2030 1727 2053 non

271 2080 424 2116 omnino
441 2078 645 2115 secundum
673 2078 831 2114 formam
849 2076 987 2112 statuti
1004 2087 1091 2112 cum
1108 2075 1409 2122 oppositionibus
1425 2080 1464 2111 et
1481 2077 1728 2123 responsioni-

271 2139 342 2175 bus
359 2138 550 2185 requisitis
566 2136 756 2173 sufficiant
772 2136 805 2172 ei
823 2135 871 2172 ad
889 2134 1189 2182 respondendum
1207 2135 1396 2180 questioni

178 2198 318 2235 Eadem
335 2197 455 2244 gratia
471 2198 518 2232 de
534 2195 648 2232 verbo
665 2195 704 2231 in
723 2194 879 2230 verbum
898 2193 1118 2229 conceditur
1133 2193 1156 2229 J
1160 2194 1272 2229 oanni
1292 2193 1481 2241 Kyddallo

178 2257 276 2294 Item
292 2256 509 2293 conceditur
527 2254 713 2290 Richardo
730 2253 880 2301 Gyldon
895 2256 937 2289 vt
953 2252 1151 2288 duodecim
1168 2253 1321 2288 termini
1338 2253 1378 2288 in
1395 2253 1533 2300 quibus
1550 2253 1727 2290 lectiones

272 2315 480 2352 ordinarias
496 2314 645 2350 audiuit
665 2325 732 2360 per
753 2313 931 2349 maiorem
949 2315 1095 2358 partem
1113 2311 1152 2346 in
1169 2315 1251 2347 toto
1268 2323 1355 2347 cum
1371 2312 1672 2359 oppositionibus
1687 2318 1727 2349 et

269 2373 572 2422 responsionibus
588 2373 782 2420 requisitis
799 2372 989 2408 sufficiant
1005 2371 1039 2407 ei
1057 2371 1104 2406 ad
1122 2371 1424 2418 respondendum
1442 2373 1630 2418 questioni

178 2435 318 2472 Eadem
343 2434 464 2481 gratia
488 2432 535 2469 de
563 2432 677 2468 verbo
709 2433 749 2468 in
782 2431 938 2468 verbum
970 2431 1188 2467 conceditur
1221 2431 1373 2478 Hugoni
1405 2431 1504 2478 Glyn
1539 2433 1726 2470 Gulielmo

270 2493 427 2540 Dakyns
445 2492 642 2528 Francisco
660 2490 895 2537 Babingtono
912 2494 951 2525 et
968 2490 1126 2536 Georgio
1144 2489 1318 2526 Burdono

178 2553 276 2597 Item
304 2550 522 2588 conceditur
547 2550 718 2586 Antonio
744 2549 854 2585 Halls
878 2553 920 2584 vt
948 2552 988 2584 ll
1017 2548 1171 2584 termini
1195 2547 1255 2583 hic
1280 2552 1319 2583 et
1344 2548 1499 2584 Oxoniis
1522 2550 1562 2584 in
1586 2551 1725 2597 quibus

268 2611 446 2646 lectiones
465 2609 674 2645 ordinarias
693 2608 842 2644 audiuit
865 2619 932 2654 per
953 2607 1133 2643 maiorem
1156 2610 1302 2654 partem
1320 2607 1359 2642 in
1377 2611 1458 2643 toto
1474 2620 1560 2644 cum
1577 2611 1723 2656 opposi-

271 2669 438 2706 tionibus
462 2672 501 2705 et
525 2667 830 2716 responsionibus
854 2667 1046 2714 requisitis
1069 2666 1258 2702 sufficiant
1286 2667 1320 2702 ei
1346 2667 1394 2702 ad
1423 2668 1723 2714 respondendum

270 2728 459 2775 questioni
1671 2761 1674 2765 f

174 2787 275 2824 Item
307 2787 524 2823 conceditur
558 2787 743 2822 Richardo
783 2786 893 2822 Poole
925 2788 968 2821 vt
1011 2788 1054 2820 10
1095 2786 1245 2821 termini
1288 2786 1327 2821 in
1367 2786 1506 2832 quibus
1547 2787 1725 2823 lectiones

269 2847 476 2883 ordinarias
500 2846 650 2882 audiuit
674 2847 762 2882 licet
781 2857 856 2882 non
879 2845 1033 2881 omnino
1057 2845 1265 2881 secundum
1290 2846 1449 2880 sormam
1474 2847 1611 2882 statuti
1637 2860 1722 2884 cum
