2008 3216
155 181 374 244 1567-68]
738 196 889 231 emon
919 195 1042 231 Boon
1073 198 1103 231 Δ
1614 188 1697 231 213

247 301 386 338 bilibus
411 301 522 338 modo
550 305 778 349 peragantur
806 301 1036 349 reliquarum
1064 300 1367 348 disputationum
1392 313 1494 336 more
1518 301 1696 347 quoniam

247 361 432 397 ordinarie
465 373 594 397 omnes
626 361 904 408 disputationes
930 372 953 396 a
981 360 1115 397 ceteris
1147 363 1372 407 preocupate
1401 360 1464 396 vix
1493 360 1540 396 ad
1569 371 1697 395 eorum

246 419 412 466 ipsorum
428 422 535 456 actus
552 419 744 456 sufficiunt
759 422 799 456 et
814 420 894 467 ipse
911 419 1057 456 diutius
1073 431 1097 455 a
1113 419 1240 455 schola
1256 431 1326 455 sua
1341 419 1423 454 sine
1442 430 1576 465 magno
1600 419 1696 454 eius-

246 477 332 514 dem
348 477 575 514 detrimento
591 477 721 514 abesse
738 490 814 514 non
830 478 950 525 possit

153 536 294 573 Eadem
315 537 436 584 gratia
458 537 675 574 conceditur
696 540 739 574 21
763 538 856 574 Maii
876 537 910 574 d.
929 537 953 573 J
955 549 986 574 o.
1006 537 1140 574 Sterne
1162 537 1325 573 Eliensis
1342 537 1466 573 schole
1483 535 1696 584 hipodidas-

246 595 326 631 calo
342 599 381 631 et
397 595 431 632 d.
452 596 549 633 Hen.
568 595 722 632 Gallant

152 654 379 691 Conceditur
394 655 473 702 xxj⁰
486 656 578 691 Maii
591 655 626 692 d.
643 655 792 692 Heathe
805 658 848 692 vt
860 658 883 692 9
897 656 1047 692 termini
1061 659 1120 692 etc
1133 655 1322 692 sufficiant
1334 655 1368 691 ei
1381 654 1428 691 ad
1442 654 1697 702 incipiendum

246 714 286 750 in
302 714 448 750 artibus
464 716 519 750 ita
535 718 662 751 tamen
682 718 725 751 vt
748 715 829 751 eius
851 715 1030 751 admissio
1053 718 1130 751 stet
1152 715 1186 751 ei
1206 727 1274 762 pro
1299 714 1496 762 completis
1518 714 1637 760 gradu
1658 718 1697 750 et

246 773 365 809 forma
396 776 435 809 et
466 773 693 810 admittatur
725 776 831 810 extra
863 774 1094 810 academiam
1126 773 1174 809 ab
1202 774 1329 821 aliquo
1358 785 1381 809 a
1410 773 1698 820 procancellario

246 832 435 878 assignato
455 833 633 879 quoniam
649 832 698 868 ob
713 844 864 879 gravem
885 832 1064 869 tibiarum
1085 833 1250 869 dolorem
1273 844 1349 879 quo
1370 833 1446 868 iam
1468 832 1534 868 diu
1556 831 1697 867 labora-

246 891 303 927 vit
318 891 366 927 ad
381 891 612 928 academiam
628 894 716 928 ante
733 892 886 928 comitia
902 893 1028 928 venire
1044 904 1119 928 non
1138 895 1263 939 potest
1280 904 1348 928 nec
1371 892 1517 928 diutius
1539 890 1695 937 gradum

246 961 358 985 suum
379 952 574 996 expectare
595 950 678 986 sine
698 962 833 997 magno
856 962 924 986 suo
947 951 1184 987 incommodo
1206 951 1259 987 sic
1282 954 1409 986 tamen
1432 953 1474 986 vt
1496 953 1696 997 postquam

244 1009 475 1045 convaluerit
497 1008 556 1045 bis
579 1010 700 1045 variet
722 1010 762 1045 in
782 1009 943 1057 publicis
963 1010 1100 1047 scholis
1121 1011 1300 1057 quoniam
1324 1010 1372 1046 ob
1394 1021 1545 1056 gravem
1561 1012 1600 1044 et
1616 1008 1696 1044 diu-

245 1070 402 1104 turnum
424 1067 597 1104 morbum
620 1069 803 1105 hactenus
825 1080 900 1105 non
922 1069 1049 1116 potuit
1073 1069 1249 1106 omnibus
1274 1069 1353 1106 suis
1377 1069 1565 1105 exercitiis
1587 1068 1697 1104 satis-

246 1126 366 1162 facere
1014 1128 1021 1134 '

722 1410 840 1454 Ordo
870 1410 1137 1455 senioritatis
1718 1416 1743 1454 f.
1767 1416 1818 1453 93
1838 1415 1864 1452 b

246 1549 441 1598 Copynger
754 1551 846 1588 Tho.
866 1551 1014 1588 Broune
1031 1552 1192 1599 (Pemb.)
1273 1552 1462 1600 Hayward

246 1609 403 1646 Watson
756 1611 937 1658 Lymbert
960 1602 967 1608 ”
1269 1612 1398 1659 Hayes

247 1668 363 1705 Holte
758 1670 925 1716 Inglishe
1270 1671 1404 1718 Kynge

247 1727 341 1774 Sage
738 1757 741 1760 ⁴
758 1729 921 1765 Stanton
1270 1730 1469 1778 Fermerye

249 1785 436 1822 Ramsden
757 1787 870 1824 Simo.
890 1787 1049 1835 Smythe
1066 1787 1185 1835 (Chr.)
1273 1789 1396 1824 Plaice

248 1844 379 1892 Lakyn
757 1845 886 1882 James
1271 1847 1531 1884 Vnderdowne

249 1904 375 1940 Lovell
760 1905 908 1942 Heathe
1271 1906 1499 1953 Hyggenson

248 1963 408 2010 Symson
757 1964 994 2012 Remyugton
1269 1965 1463 2002 Disborow

248 2021 389 2057 Barker
759 2023 895 2058 Holme
1271 2024 1411 2060 Sutton

249 2079 392 2116 Boothe
759 2081 955 2117 Knestubs
1273 2083 1452 2119 Hansone

250 2137 429 2186 Hansbye
759 2140 901 2176 Cockes
1269 2142 1383 2179 Clem.
1403 2143 1558 2179 Browne
1580 2143 1700 2190 (Reg.)

249 2197 392 2233 Gulson
759 2199 895 2235 Hawes
1271 2201 1433 2249 Bishope

249 2256 417 2304 Thracye
759 2259 940 2295 Asheboll
1272 2261 1406 2297 Sterne

250 2315 414 2362 Nor-gato
756 2318 935 2365 Wythers
1272 2320 1383 2356 Hunt

251 2374 456 2411 Holbeame
759 2377 816 2413 Ri.
836 2377 973 2425 Smyth
993 2378 1099 2424 (Tri.)
1271 2379 1404 2415 Crosse

251 2433 446 2480 Laughton
758 2435 951 2471 Fauconer
1272 2437 1349 2472 Ric.
1370 2437 1555 2473 Gardiner
1573 2438 1684 2483 (Pet.)

251 2491 369 2528 Wood
759 2494 984 2530 Blackstone
1275 2495 1399 2531 Fourd

250 2550 440 2597 Brougton
762 2553 878 2600 Sayer
894 2553 1075 2602 [Sawyer]
1283 2555 1446 2590 Stallard

253 2609 361 2646 Dani.
381 2609 565 2647 Gardiner
581 2611 692 2658 (Cla.)
764 2611 1004 2659 Walkewyde
1283 2614 1436 2649 Gallant
1485 2617 1530 2650 59

254 2667 391 2703 Shutte
770 2669 894 2705 Slater
