2008 3216
164 165 382 221 1566-67]
751 174 903 210 emon
933 173 1056 205 BOOK
1087 174 1117 204 Δ
1627 160 1710 202 205

680 441 842 484 Doctor
871 440 919 483 in
947 439 1042 483 iure
1072 438 1194 482 ciuili

163 567 390 604 Conceditur
406 567 502 614 xiiijo
517 568 541 603 J
545 567 625 604 unii
648 566 828 614 magistro
850 565 941 602 Tho.
964 563 1142 601 Rowland
1166 567 1207 600 vt
1228 563 1398 599 studium
1422 566 1443 598 5
1463 573 1649 598 annorum
1671 561 1711 596 in

259 626 339 662 iure
362 625 463 661 civili
488 628 691 672 postquam
717 624 854 660 rexerit
878 624 918 659 in
943 622 1090 659 artibus
1117 634 1204 658 cum
1234 621 1534 669 oppositionibus
1560 631 1710 666 respon-

257 684 426 721 sionibus
443 688 481 720 et
497 684 583 720 aliis
599 684 785 720 exercitiis
802 695 868 730 per
883 685 1031 719 statuta
1043 681 1235 729 requisitis
1251 684 1341 717 ante
1353 681 1434 717 eius
1445 680 1713 716 admissionem

259 741 494 789 perficiendis
509 741 671 777 sufficiat
687 740 722 776 ei
739 739 787 776 ad
804 739 1060 787 incipiendum
1078 739 1117 775 in
1134 738 1264 775 eodem
1281 739 1361 775 iure
1421 738 1483 774 Ita
1505 736 1607 784 quod
1630 737 1712 773 eius

259 801 437 837 admissio
456 803 534 836 stet
553 812 620 847 pro
640 800 838 847 completis
859 799 978 846 gradu
997 802 1036 836 et
1059 799 1181 835 forma
1202 798 1420 834 doctoratus
1444 797 1483 833 in
1505 796 1636 833 eodem
1659 796 1714 832 sic

259 863 386 897 tamen
406 863 447 896 vt
462 860 672 896 satisfaciat
682 859 870 896 officiariis
884 863 923 896 et
939 859 1162 915 convivetur
1178 859 1216 895 in
1234 858 1415 906 proximis
1431 856 1595 894 comitiis

619 1093 939 1137 Bachalaureus
969 1092 1015 1135 in
1047 1091 1266 1150 theologia

167 1220 395 1258 Conceditur
422 1222 466 1256 14
493 1218 623 1256 Martii
647 1218 957 1266 magistrooeor.
982 1217 1142 1266 Bulleyn
1165 1221 1208 1254 vt
1229 1217 1400 1254 studium
1422 1221 1445 1253 5
1467 1228 1653 1253 annorum
1676 1216 1716 1253 in

261 1279 447 1326 theologia
480 1281 682 1326 postquam
710 1278 848 1314 rexerit
876 1277 916 1314 in
942 1276 1090 1314 artibus
1117 1289 1206 1313 cum
1234 1276 1536 1325 oppositionibus
1564 1288 1716 1323 respon·

261 1338 431 1375 sionibus
456 1341 495 1374 et
521 1338 606 1374 aliis
632 1337 819 1374 exercitiis
844 1349 912 1384 per
935 1339 1083 1373 statuta
1104 1336 1299 1383 requisitis
1320 1335 1485 1372 sufficiat
1506 1336 1540 1372 ei
1564 1340 1645 1371 tam
1667 1334 1716 1371 ad

262 1395 525 1443 opponendum
542 1406 659 1442 quam
674 1393 722 1430 ad
740 1393 961 1430 intrandum
978 1394 1018 1430 in
1035 1405 1141 1430 sacra.
1156 1393 1346 1440 theologia

169 1453 395 1492 Conceditur
411 1456 454 1490 31
476 1453 567 1489 Maii
588 1453 768 1500 magistro
792 1453 936 1489 Thoma
960 1452 1207 1499 Cartewright
1227 1455 1270 1488 vt
1292 1451 1463 1488 studium
1487 1453 1507 1489 7
1530 1462 1716 1487 annorum
1735 1440 1761 1478 f·
1785 1439 1836 1478 90
1855 1453 1880 1477 ⁸·

263 1513 303 1549 in
319 1513 506 1559 theologia
522 1515 723 1560 postquam
742 1512 878 1548 rexerit
896 1512 934 1548 in
952 1511 1099 1548 artibus
1122 1523 1208 1547 cum
1231 1510 1533 1558 oppositionibus
1554 1514 1613 1546 ete
1635 1522 1716 1558 per-

264 1571 431 1609 ficiendis
448 1572 546 1608 infra
562 1583 704 1608 annum
721 1584 788 1608 sue
800 1572 1040 1608 admissionis
1052 1571 1125 1607 sub
1137 1583 1233 1618 pena
1246 1571 1290 1607 x¹¹
1303 1571 1476 1618 ponenda
1489 1571 1528 1606 in
1542 1570 1718 1606 manibus

264 1634 548 1679 procuratorum
565 1635 653 1666 ante
669 1631 750 1667 eius
767 1631 1033 1667 admissionem
1050 1631 1212 1667 sufficiat
1229 1631 1262 1666 ei
1281 1636 1359 1666 tam
1384 1630 1431 1666 ad
1454 1629 1718 1676 opponendum

263 1701 378 1736 quam
411 1689 459 1725 ad
492 1688 712 1725 intrandum
739 1689 778 1725 in
807 1700 914 1725 sacra
940 1688 1127 1735 theologia
1175 1688 1378 1724 Admissus
1403 1688 1534 1724 eodem
1561 1688 1721 1735 (peregit

267 1749 393 1786 omnia
409 1749 542 1796 mar-9.)

170 1808 312 1846 Eadem
329 1808 450 1855 gratia
465 1807 683 1844 conceditur
699 1810 744 1844 23
761 1808 785 1844 J
788 1808 868 1844 unii
886 1808 1065 1855 magistro
1084 1807 1282 1855 Radulpho
1299 1807 1462 1844 Coulton
1485 1819 1572 1843 cum
1592 1806 1720 1843 studio

263 1870 285 1904 δ
302 1878 487 1904 annorum
503 1866 575 1903 sub
590 1866 721 1903 eadem
737 1879 835 1915 pena
883 1867 1085 1904 Admissus
1101 1867 1232 1904 eodem
1250 1867 1409 1915 (peregit
1425 1866 1552 1903 omnia
1568 1867 1701 1914 mar-9.)

675 2099 886 2143 Doctores
915 2099 963 2142 in
995 2099 1214 2157 theologia

173 2226 399 2264 Conceditur
429 2229 472 2263 15
502 2225 728 2263 Novembris
756 2226 909 2263 domino
938 2227 1083 2263 Adams
1112 2228 1405 2276 Arehiepiscopo
1435 2229 1647 2266 Armacane
1682 2233 1722 2266 et

266 2285 420 2332 primati
439 2285 620 2322 Hibernie
637 2288 678 2321 vt
693 2284 865 2321 studium
887 2297 934 2321 xx
954 2297 1141 2322 annorum
1165 2287 1204 2322 in
1228 2287 1416 2334 theologia
1438 2300 1525 2324 cum
1550 2300 1624 2324 vno
1646 2301 1720 2325 ser·

203 2347 206 2349 ’
267 2356 377 2381 mone
393 2343 442 2380 ad
458 2344 598 2380 clerum
616 2343 839 2392 perficiendo
856 2344 954 2380 infra
970 2356 1113 2381 annum
1130 2357 1197 2382 sue
1209 2346 1450 2383 admissionis
1462 2347 1535 2383 sub
1547 2359 1644 2394 pena
1660 2348 1719 2384 xli

267 2402 439 2451 ponenda
454 2403 495 2439 in
511 2402 686 2439 manibus
703 2406 988 2450 procuratorum
1004 2407 1094 2440 ante
1110 2404 1192 2440 eius
1208 2404 1477 2442 admissionem
1500 2406 1663 2442 sufficiat
1686 2407 1719 2442 ei

269 2460 317 2497 ad
333 2460 589 2508 incipiendum
606 2460 646 2496 in
663 2471 769 2496 sacra
786 2459 973 2507 theologia
992 2461 1046 2497 sic
1068 2465 1111 2497 vt
1133 2462 1213 2498 eius
1230 2461 1410 2498 admissio
1432 2467 1510 2500 stet
1531 2476 1599 2511 pro
1621 2476 1719 2500 com-

268 2519 381 2567 pletis
402 2519 520 2566 gradu
542 2523 582 2556 et
605 2519 726 2556 forma
741 2519 959 2556 doctoratus
975 2520 1031 2556 ita
1046 2524 1175 2557 tamen
1193 2524 1235 2557 vt
1251 2522 1472 2558 convivetur
1486 2526 1526 2559 et
1542 2522 1719 2559 admitta-

270 2580 334 2614 tur
361 2577 410 2614 ad
437 2578 620 2625 placitum
648 2578 727 2614 sive
756 2579 795 2614 in
824 2578 987 2614 termino
1015 2579 1094 2615 sive
1122 2583 1229 2616 extra
1252 2580 1459 2617 terminum
1519 2580 1720 2618 Admissus

272 2639 318 2672 25
342 2635 569 2673 Novembris
592 2639 631 2673 et
655 2639 895 2684 presentatus
923 2648 990 2683 per
1013 2636 1203 2674 doctorem
1229 2638 1380 2674 Hutton
1408 2640 1568 2686 (peregit
1595 2640 1722 2676 omnia

271 2708 338 2744 per
354 2697 578 2743 magistrum
597 2696 846 2743 Cartewright
863 2697 996 2744 mary.)

179 2755 406 2792 Conceditur
421 2754 482 2802 ijdo
499 2755 591 2791 Maii
613 2755 793 2801 magistro
812 2755 971 2791 Ricardo
989 2755 1234 2802 Longeworth
1252 2760 1294 2792 vt
1310 2756 1480 2793 studium
1499 2761 1521 2793 4
1537 2770 1722 2795 annorum

271 2813 311 2850 in
333 2813 519 2860 theologia
540 2816 627 2860 post
648 2813 806 2860 gradum
826 2813 1065 2850 bachalaurei
1085 2814 1125 2850 in
1147 2814 1278 2850 eadem
1300 2815 1482 2852 facultate
1503 2820 1723 2864 susceptum

272 2885 359 2910 cum
378 2873 678 2921 oppositionibus
697 2873 1002 2920 responsionibus
1021 2873 1258 2910 sermonibus
1278 2878 1318 2911 et
1342 2875 1427 2911 aliis
1449 2876 1636 2913 exercitiis
1658 2889 1725 2924 per
