2002 3236
327 161 383 204 28
907 178 1061 212 esaon
1089 180 1214 213 Boon
1245 182 1276 214 Δ
1650 175 1870 233 [1544-45

974 398 1028 441 In
1060 400 1226 444 musica

325 500 424 537 Item
436 502 654 538 conceditur
666 502 898 540 christoforo
910 504 989 551 Tye
1001 505 1063 541 hic
1080 506 1182 553 apud
1195 519 1262 543 vos
1275 507 1315 544 in
1327 510 1472 546 musica
1483 509 1775 550 bacchalaureus
1787 513 1872 560 (sic)

418 563 461 596 vt
476 560 647 597 studium
663 564 702 597 et
718 562 884 608 practica
900 563 1027 600 decem
1044 575 1230 601 annorum
1252 569 1339 613 post
1359 568 1518 614 gradum
1541 570 1872 608 bacchalaureatus

416 624 634 666 susceptum
650 620 812 656 sufficiat
827 622 860 657 ei
878 633 946 668 pro
962 623 1149 670 completo
1164 624 1283 671 gradu
1298 625 1518 664 doctoratus
1540 629 1580 665 in
1602 630 1733 667 eadem
1755 630 1870 668 facul-

416 681 497 714 tate
521 679 576 715 ita
598 682 727 716 tamen
750 683 793 715 vt
815 684 1016 728 componat
1039 682 1195 719 missam
1218 684 1257 720 in
1281 684 1342 721 di'e
1364 687 1641 725 commitiorum
1663 689 1869 726 canendam

416 748 540 773 coram
569 736 677 773 vobis
704 738 880 774 conviuet
910 742 949 775 et
975 740 1185 777 satisfaciat
1213 742 1400 780 officiariis
1432 748 1471 781 et
1499 747 1678 792 quoniam
1710 759 1785 784 non
1815 760 1870 784 re-

412 794 558 841 peritur
577 794 709 831 doctor
730 795 770 831 in
791 795 922 832 eadem
945 797 1125 833 facultate
1143 802 1383 845 presentetur
1404 800 1444 836 in
1461 794 1596 839 habitu
1613 815 1688 839 non
1706 805 1869 850 regentis

413 860 480 895 per
495 861 613 885 vnum
629 855 914 896 procuratorum

319 908 418 944 Item
434 908 652 945 conceditur
666 909 788 946 eidem
810 922 930 958 nuper
945 910 1110 948 admisso
1127 912 1174 948 ad
1196 913 1453 961 incipiendum
1470 916 1510 952 in
1527 918 1672 954 musica
1689 922 1732 954 vt
1748 918 1869 965 possit

412 968 468 1004 vti
484 969 763 1005 commitiorum
778 973 946 1018 tempore
962 970 1097 1008 habitu
1113 971 1309 1009 doctorum
1325 973 1365 1010 in
1382 975 1569 1011 medicina

163 1215 189 1254 f.
214 1215 263 1254 13
278 1229 302 1254 a
683 1220 867 1277 [Gratiae
897 1221 1028 1264 variae
1058 1227 1105 1264 et
1135 1221 1500 1280 dispensationes]

319 1349 364 1384 In
396 1348 530 1396 primis
560 1348 778 1385 conceditur
802 1351 846 1385 vt
870 1348 1002 1385 doctor
1029 1349 1189 1396 Smythe
1219 1349 1366 1397 Wendy
1397 1353 1436 1387 et
1464 1351 1634 1398 inceptor
1663 1351 1866 1400 Atkynson

411 1407 490 1443 sint
506 1406 648 1443 iudices
663 1406 823 1453 delegati
840 1408 880 1443 in
896 1419 1010 1443 causa
1025 1407 1289 1454 appellationis
1305 1408 1406 1444 inter
1420 1408 1612 1446 doctorem
1631 1409 1866 1458 Standysshe

409 1470 449 1502 et
473 1466 664 1503 Adamum
692 1466 936 1514 Rychardson
961 1469 1001 1502 et
1024 1466 1205 1513 quicquid
1231 1467 1351 1503 maior
1379 1479 1467 1514 pars
1498 1468 1633 1505 horum
1659 1468 1866 1506 decreuerit

410 1537 478 1573 pro
502 1529 627 1562 vestro
651 1525 752 1561 facto
777 1524 961 1561 habeatur

317 1584 414 1620 Item
442 1584 659 1620 conceditur
686 1587 729 1620 vt
756 1583 888 1620 doctor
916 1584 1070 1631 Harvye
1102 1584 1273 1631 magistri
1303 1584 1554 1632 Aynsworthe
1588 1590 1627 1623 et
1658 1587 1753 1635 Pory
1786 1588 1865 1624 sint

409 1644 551 1680 iudices
578 1644 740 1691 delegati
769 1644 808 1680 in
837 1655 951 1680 causa
978 1642 1242 1690 appellationis
1274 1643 1374 1680 inter
1401 1644 1574 1681 dominos
1606 1649 1864 1693 procuratores

408 1707 448 1739 et
474 1702 627 1751 Kyrbye

315 1763 414 1800 Item
439 1763 656 1800 conceditur
681 1766 722 1799 vt
745 1762 922 1799 dominus
947 1761 1158 1798 Willelmus
1178 1762 1386 1809 Caterycke
1411 1763 1628 1801 nominetur
1650 1768 1689 1801 et
1714 1776 1861 1812 presen-

408 1826 512 1859 tetur
534 1822 582 1859 ad
607 1822 784 1858 vicariam
806 1820 853 1857 de
874 1820 1032 1857 Burwell
1057 1820 1263 1857 secundum
1286 1825 1454 1858 tenorem
1479 1826 1517 1859 et
1539 1822 1713 1860 effectum
1738 1823 1860 1860 litera-

408 1893 493 1918 rum
509 1881 652 1917 domini
670 1879 843 1916 Edwardi
862 1879 1008 1915 Northe

316 1941 414 1978 Item
439 1940 655 1977 conceditur
680 1944 722 1977 vt
745 1940 1023 1987 disputationes
1052 1939 1307 1986 philosophice
1332 1939 1421 1976 hinc
1445 1952 1564 1987 vsque
1591 1940 1640 1977 ad
1669 1942 1862 1978 commitia

409 2001 530 2037 fiendo
558 2000 864 2037 intermittantur
894 2011 969 2035 non
997 1998 1173 2035 obstante
1205 2001 1352 2035 statuto
1376 1999 1554 2046 quoniam
1585 2003 1738 2047 propter
1769 2000 1859 2037 dila-

408 2061 547 2096 tionem
566 2060 843 2096 commitiorum
867 2059 1004 2095 iniuria
1027 2058 1132 2094 fieret
1147 2058 1398 2106 disputaturis
1413 2062 1453 2095 et
1476 2059 1570 2095 nihil
1593 2060 1743 2096 interim
1760 2072 1858 2097 com—

407 2119 509 2155 modi
525 2119 731 2155 exoriretur
746 2117 900 2154 bedellis

315 2178 412 2215 Item
437 2177 655 2215 conceditur
671 2180 714 2214 vt
735 2188 918 2224 campana
940 2177 1061 2213 sancti
1083 2175 1277 2212 Benedicti
1295 2188 1368 2224 que
1384 2176 1472 2213 olim
1490 2177 1538 2214 ad
1558 2178 1860 2224 congregationes

406 2240 446 2274 et
468 2237 611 2285 reliqua
627 2236 844 2273 achademie
861 2236 1011 2283 negotia
1027 2234 1178 2283 pulsata
1194 2235 1268 2272 t'uit
1306 2238 1393 2283 post
1410 2235 1479 2272 hac
1496 2247 1646 2273 rursum
1664 2248 1731 2284 pro
1746 2237 1858 2273 solito

405 2295 594 2344 stipendio
609 2307 736 2333 annuo
752 2295 787 2343 vj
799 2307 819 2331 s
836 2294 899 2342 viij
912 2294 937 2331 d
954 2294 1126 2342 pulsetur

313 2355 409 2392 Item
434 2354 652 2392 conceditur
676 2358 718 2391 vt
744 2353 928 2390 terminus
953 2356 1170 2401 prorogetur
1195 2363 1311 2399 vsque
1335 2351 1382 2389 ad
1411 2363 1551 2389 nonum
1576 2352 1675 2390 diem
1700 2354 1793 2390 Julii
1818 2357 1857 2390 et

405 2414 505 2462 quod
522 2413 717 2450 commitia
733 2411 967 2449 celebrentur
983 2415 1088 2448 sexto
1105 2416 1144 2447 et
1160 2411 1321 2459 septimo
1337 2411 1503 2448 eiusdem
1521 2412 1660 2448 mensis

315 2473 410 2509 item
427 2472 645 2509 conceditur
662 2476 702 2508 vt
719 2470 874 2519 exequie
890 2469 1051 2507 Gilberti
1067 2468 1240 2517 Ronbery
1251 2468 1470 2506 celebrande
1485 2468 1547 2507 die
1562 2469 1671 2506 Jouis
1691 2471 1858 2519 proximo

406 2532 583 2569 anteferri
600 2531 746 2579 possint
762 2533 802 2567 et
817 2528 1052 2567 celebrentur
1067 2527 1127 2565 die
1145 2528 1317 2565 mercurii

315 2590 409 2627 Item
433 2594 478 2638 yt
498 2603 543 2639 ys
566 2589 750 2638 graunted
773 2588 860 2626 that
881 2588 935 2624 Μ’
953 2586 1254 2625 Vicechancellor
1272 2585 1320 2622 do
1342 2597 1451 2634 earye
1468 2597 1564 2634 vppe
1587 2586 1617 2623 δι
1638 2598 1709 2634 pay
1734 2590 1773 2622 to
1795 2587 1857 2624 Sir

408 2648 586 2686 Edwarde
608 2647 752 2685 Northe
774 2645 995 2684 chaunceler
1015 2645 1056 2682 of
1075 2645 1432 2692 thawgmentacions
1457 2648 1498 2681 at
1521 2644 1585 2681 the
1602 2643 1801 2693 delyuerye
1817 2646 1860 2682 os

405 2708 470 2745 the
493 2708 634 2756 kyngee
650 2708 782 2745 lettres
803 2707 834 2744 &
855 2706 963 2743 other
983 2704 1143 2753 thynges
1165 2707 1367 2752 requysyte
1388 2703 1595 2751 acordynge
1618 2707 1657 2740 to
1680 2702 1744 2739 the
1768 2715 1853 2751 pur—

406 2773 510 2815 porte
527 2770 557 2804 δι
573 2768 702 2804 effecte
719 2767 760 2804 os
773 2766 838 2803 the
855 2765 1072 2803 indenturee
1090 2776 1170 2800 now
1189 2763 1251 2800 red
1270 2763 1335 2800 the
1352 2763 1448 2811 (γι-υτ,
1466 2764 1643 2810 payment

312 2827 407 2863 Item
422 2826 638 2863 wnwditur
653 2830 693 2862 vt
708 2826 886 2874 quoniam
905 2824 972 2861 hoc
989 2835 1089 2860 anno
1101 2822 1376 2870 disputationes
1389 2820 1573 2858 ordinarie
1592 2820 1852 2868 magistmruin

404 2885 680 2922 becclmlaurcis
703 2885 768 2932 qni
794 2883 976 2931 incepturi
1000 2885 1125 2918 essent
1152 2882 1189 2918 in
1215 2879 1361 2917 artibus
1387 2891 1460 2916 non
1485 2879 1676 2916 sufficiunt
1699 2879 1853 2926 quidam
