2046 3224
410 195 464 237 66
1005 201 1155 234 GRAcE
1186 202 1308 233 Boon
1341 202 1370 232 Δ
1739 189 1963 245 [1549-50

476 341 700 383 Numerus
731 340 1138 383 bacchalaureorum
1172 338 1216 380 in
1248 338 1416 381 artibus
1446 338 1570 382 iuxta
1601 337 1897 381 senioritatem

582 455 594 478 ¹
603 454 734 490 Foster
1025 452 1181 499 Temple
1451 453 1629 499 Rycrcfte

601 510 748 546 Cletero
1025 509 1061 545 N
1063 514 1184 545 ewton
1455 509 1611 546 Walkar

603 569 686 616 Day
1027 568 1148 603 Banes
1454 568 1641 615 Sympson

601 628 736 663 Eleson
1028 626 1173 662 Car-vell
1454 627 1644 662 Assheton

602 688 703 734 Ayre
1029 686 1140 734 Maye
1458 686 1665 723 Harwoode

604 745 726 781 Baker
1026 744 1175 792 Thorpe
1457 745 1574 781 Burre

601 805 812 850 Stevynson
1029 802 1230 839 Godshalre
1458 803 1626 851 Raynold

602 862 764 909 Wryght
1029 862 1171 897 Barton
1453 861 1635 898 Banester

602 921 797 957 Goodman
1024 919 1165 967 Whyte
1453 920 1590 968 Tayler

601 979 624 1015 J
627 979 765 1027 afferye
1026 978 1150 1015 Fowle
1458 978 1614 1015 Boswell

602 1038 723 1086 Levyr
1029 1037 1202 1074 Tunstall

1089 1288 1306 1332 Medicina

419 1401 516 1437 Item
542 1401 759 1437 conceditur
781 1400 934 1437 domino
958 1400 1046 1437 Hall
1070 1404 1112 1436 vt
1137 1400 1305 1447 quinque
1329 1399 1419 1435 anni
1444 1398 1583 1446 quibus
1606 1399 1666 1436 hic
1688 1400 1727 1435 in
1752 1399 1971 1435 achademia

511 1459 695 1496 medicine
727 1459 899 1496 incubuit
931 1472 1017 1496 cum
1051 1459 1134 1495 aliis
1167 1461 1330 1506 quatuor
1358 1456 1497 1505 quibus
1525 1456 1614 1494 alibi
1644 1457 1764 1494 eidem
1798 1458 1970 1495 facultati

510 1531 661 1566 operam
685 1518 791 1555 dedit
812 1519 1003 1556 sufficiant
1025 1518 1058 1555 ei
1081 1517 1129 1554 ad
1152 1516 1437 1565 practicandum
1462 1516 1501 1553 in
1526 1516 1655 1554 eadem
1681 1517 1861 1554 facultate
1909 1517 1971 1554 Sic

510 1577 610 1625 quod
627 1578 708 1614 eius
723 1577 918 1626 eru[di]ti0
934 1576 1162 1624 approbetur
1178 1588 1244 1623 per
1259 1577 1430 1612 doctores
1446 1575 1599 1612 Walker
1614 1579 1654 1612 et
1671 1575 1911 1624 Pyckerynge

418 1637 516 1673 Item
534 1636 752 1673 conceditur
773 1637 893 1674 eidem
911 1639 954 1673 vt
976 1636 1114 1673 habeat
1135 1635 1264 1672 literas
1286 1635 1535 1672 concessionis
1557 1647 1624 1672 sue
1645 1635 1828 1683 sigillatas
1849 1635 1971 1684 sigillo

512 1699 636 1731 vestro
652 1695 843 1732 communi

253 1971 278 2009 s.
302 1970 352 2009 27
374 1970 399 2008 b
570 1967 792 2011 Numerus
823 1968 1089 2026 Regentium
1123 1968 1167 2011 in
1199 1969 1369 2011 artibus
1400 1968 1528 2011 istius
1559 1969 1663 2012 anni
1696 1969 1821 2011 iuxta

1050 2038 1349 2082 senioritatem

558 2141 572 2164 ²
581 2140 727 2188 Boyton
920 2140 1106 2179 Gardiner
1329 2141 1419 2178 Cole
1611 2140 1839 2189 Broklesbye

584 2199 719 2237 Tatam
917 2200 1136 2238 Beamownt
1324 2200 1459 2248 Barley
1607 2200 1734 2248 Conye

420 2342 463 2378 ln
489 2342 619 2390 primis
641 2342 859 2380 conceditur
880 2343 1033 2381 domino
1055 2344 1190 2381 Tatam
1214 2347 1257 2380 vt
1279 2355 1411 2381 novem
1435 2343 1586 2380 termini
1610 2346 1696 2391 post
1718 2341 1867 2379 finalem
1890 2342 1971 2378 eius

511 2400 863 2439 determinationem
892 2403 931 2440 in
961 2402 1100 2451 quibus
1129 2403 1308 2440 lectiones
1336 2402 1543 2440 ordinarias
1575 2402 1723 2439 audiuit
1755 2406 1971 2449 ceterasque

511 2461 798 2498 exercitationes
819 2460 1063 2498 scholasticae
1084 2461 1291 2499 secundum
1315 2462 1472 2498 formam
1495 2460 1631 2498 statuti
1654 2460 1849 2508 perfecerit
1870 2460 1969 2496 suffi-

513 2519 616 2557 ciant
631 2520 664 2557 ei
683 2520 730 2558 ad
749 2519 1002 2569 incipiendum
1021 2521 1059 2557 in
1077 2519 1223 2557 artibus

421 2578 517 2614 Item
543 2578 760 2616 conceditur
782 2578 934 2616 domino
960 2578 1093 2627 Barley
1119 2581 1161 2615 vt
1185 2581 1208 2615 9
1235 2578 1385 2615 termini
1410 2581 1496 2626 post
1518 2577 1666 2615 finalem
1692 2578 1771 2615 eius
1795 2577 1968 2615 determi-

514 2637 707 2674 nacionum
731 2637 769 2674 in
792 2636 932 2685 quibus
953 2636 1132 2674 lectiones
1155 2635 1363 2674 ordinariae
1384 2635 1532 2674 audiuit
1553 2639 1769 2683 ceterasque
1792 2636 1970 2673 exercita-

513 2694 638 2732 cionee
662 2695 904 2732 scholasticas
928 2694 1134 2733 secundum
1158 2695 1316 2733 formem
1342 2694 1478 2733 statuti
1504 2694 1699 2744 perfecerit
1722 2695 1912 2732 sufficiant
1936 2694 1969 2731 ei

514 2753 560 2791 ad
587 2754 840 2803 incipiendum
866 2755 904 2791 in
930 2754 1077 2792 artibus

486 2852 495 2874 ¹
520 2851 607 2885 ’rhi-
623 2851 685 2886 lin
700 2852 730 2886 i·
746 2852 885 2887 written
902 2852 939 2887 in
956 2862 1022 2887 one
1037 2853 1179 2887 column
1195 2852 1300 2895 along
1317 2852 1376 2888 the
1393 2852 1527 2888 bettoni
1543 2852 1646 2895 edge·
1661 2852 1698 2887 o!
1714 2851 1773 2887 the
1789 2861 1905 2896 peges.

485 2906 498 2928 ⁸
521 2906 607 2941 Thin
623 2907 683 2942 litt
698 2906 729 2941 i·
744 2906 882 2942 written
898 2907 935 2942 in
952 2916 1020 2942 one
1034 2907 1176 2943 column
1192 2907 1298 2951 along
1314 2907 1373 2943 the
1389 2910 1450 2951 top
1465 2906 1548 2951 odae
1563 2907 1601 2942 οἱ
1614 2906 1674 2942 the
1688 2917 1785 2952 page.
