2008 3294
142 180 361 237 1580-81]
725 190 878 223 emon
908 190 1033 222 Boon
1063 189 1093 221 Δ
1602 178 1684 220 341

143 294 370 331 Conceditur
389 296 434 330 16
451 293 669 330 Decembris
686 293 866 340 magistro
882 292 973 329 Tho.
988 292 1128 339 Twyne
1139 294 1182 328 vt
1197 290 1368 328 studium
1387 293 1432 327 10
1446 302 1632 327 annorum
1648 291 1687 326 in

237 353 422 389 medicina
438 365 525 389 cum
541 352 722 389 diuturna
737 351 903 399 practica
919 351 958 386 in
975 350 1105 387 eadem
1123 352 1324 397 postquam
1340 350 1478 386 rexerit
1490 350 1530 386 in
1542 349 1689 385 artibus

237 411 370 447 oxonii
387 423 473 448 cum
490 423 564 448 vna
580 411 820 458 responsione
836 410 999 446 sufficiat
1015 409 1049 445 ei
1066 408 1115 445 ad
1132 408 1389 455 incipiendum
1405 409 1445 444 in
1462 408 1649 444 medicina

141 470 368 507 Conceditur
392 474 435 509 17
459 471 651 507 Februarii
673 471 853 517 magistro
874 470 898 506 J
901 482 932 506 0.
956 469 1108 506 Norden
1135 469 1174 505 in
1201 468 1392 505 academia
1420 468 1621 505 Oxoniensi
1647 469 1687 504 in

235 529 381 566 artibus
396 531 576 577 magistro
593 533 634 566 vt
651 531 703 566 sit
721 530 780 566 hic
797 529 897 576 apud
914 541 981 565 vos
1002 529 1041 564 in
1061 528 1217 565 eiisdem
1239 528 1358 575 gradu
1379 528 1509 564 ordine
1527 531 1566 564 et
1588 539 1688 564 anno

234 588 373 636 quibus
389 589 463 625 fuit
479 589 518 626 in
534 589 637 626 dicta
652 588 844 625 academia

142 648 369 685 Conceditur
387 652 429 684 15
448 649 590 696 Aprilis
606 649 709 686 dicto
726 649 906 696 magistro
921 648 946 685 J
947 648 1087 685 ohanni
1110 648 1261 685 Norden
1279 651 1322 684 vt
1338 647 1508 684 studium
1530 649 1552 682 8
1573 658 1687 682 anno-

236 720 321 744 rum
338 709 378 744 in
395 708 579 745 medicina
596 711 797 756 postquam
813 709 950 745 rexerit
966 708 1006 745 in
1027 708 1175 745 artibus
1197 720 1285 744 cum
1307 707 1484 743 omnibus
1505 707 1688 754 responsi·

237 766 373 803 onibus
385 779 452 814 per
464 770 612 804 statuta
623 768 727 816 regia
739 768 932 815 requisitis
944 768 1106 805 sufficiat
1122 768 1156 804 ei
1173 767 1221 804 ad
1238 767 1494 814 incipiendum
1507 766 1546 802 in
1559 766 1689 802 eadem

142 825 368 862 Conceditur
385 829 429 864 27
449 827 540 863 Maii
558 827 738 874 magistro
757 826 888 863 Ruben
910 827 1108 863 Sherwood
1125 830 1168 863 vt
1183 826 1354 863 studium
1378 829 1420 862 12
1442 837 1627 862 annorum
1650 826 1688 861 in

235 885 420 921 medicina
437 888 638 933 postquam
655 885 791 922 rexerit
808 886 847 921 in
864 886 1011 922 artibus
1030 898 1117 923 cum
1134 887 1244 922 vnica
1266 886 1508 933 responsione
1527 885 1689 921 sufficiat

234 944 268 980 ei
284 943 333 980 ad
350 944 604 991 incipiendum
622 945 662 981 in
678 945 808 981 eadem
826 945 1014 981 medicina

627 1179 742 1223 Ordo
772 1180 1036 1223 senioritatis
1067 1195 1202 1237 mary.

332 1307 376 1343 D.
396 1305 594 1342 Sherwood
786 1306 830 1343 D.
851 1305 1011 1354 Bradley
1282 1306 1325 1342 D.
1347 1306 1499 1342 Norden

334 1366 377 1404 D.
397 1366 526 1413 Lakyn
790 1365 834 1401 D.
854 1365 979 1412 Tryne
996 1365 1167 1414 [Twyne]
1278 1366 1321 1402 D.
1345 1366 1453 1402 Peers

658 1584 966 1628 Bacchalaurei
999 1585 1043 1627 in
1076 1585 1171 1628 iure

146 1706 373 1747 Conceditur
389 1709 410 1745 7
429 1707 653 1744 Novembris
669 1707 734 1745 W⁰
753 1707 895 1743 Creake
917 1712 960 1744 vt
981 1708 1152 1744 studium
1174 1712 1195 1744 5
1218 1721 1404 1746 annorum
1428 1710 1467 1746 in
1491 1711 1571 1746 iure
1591 1710 1691 1746 civili

239 1778 324 1802 cum
348 1766 647 1814 oppositionibus
672 1770 711 1802 et
738 1766 1044 1814 responsionibus
1069 1771 1108 1803 et
1132 1767 1218 1804 aliis
1243 1769 1430 1805 exercitiis
1456 1780 1522 1816 per
1546 1771 1693 1805 statuta

239 1824 432 1871 requisitis
449 1825 611 1861 sufficiat
626 1825 661 1861 ei
678 1824 726 1861 ad
744 1824 964 1862 intrandum
981 1826 1020 1862 in
1037 1826 1168 1862 eodem
1186 1827 1266 1863 iure
1283 1827 1338 1863 ita
1355 1830 1397 1863 vt
1414 1827 1638 1874 respondeat
1654 1829 1693 1864 in

241 1883 374 1920 habitu
390 1883 648 1920 baochalaurei

148 1943 289 1980 Eadem
313 1944 434 1990 gratia
455 1944 672 1980 conceditur
695 1948 739 1982 27
765 1945 855 1981 Maii
874 1945 937 1980 W⁰
957 1944 1118 1980 Corbold
1139 1949 1179 1980 et
1203 1948 1246 1981 10
1266 1945 1289 1981 J
1294 1946 1372 1982 unii
1392 1946 1483 1982 Tho.
1503 1945 1640 1982 Talbot
1657 1951 1696 1982 et

242 2002 347 2039 Geor.
369 2003 571 2050 Pilkynton

633 2201 750 2244 Ordo
780 2201 1045 2244 senioritatis
1075 2216 1210 2257 marq.

669 2322 810 2358 Creake
1001 2322 1136 2358 'ralbot

666 2381 825 2418 Corbold
1003 2382 1207 2429 Pilkynton

643 2591 851 2634 Doctores
881 2590 926 2633 in
951 2591 1052 2648 jure
1084 2592 1202 2634 civili
1720 2593 1746 2632 f.
1770 2591 1846 2631 133
1867 2591 1893 2629 b

154 2715 380 2752 Conceditur
397 2720 442 2752 10
459 2717 631 2754 Octobris
648 2718 829 2764 magistro
847 2718 1018 2754 Mattheo
1043 2717 1208 2765 Sutclyff
1220 2722 1262 2754 vt
1278 2718 1449 2755 studium
1474 2722 1494 2757 7
1517 2731 1702 2756 annorum

248 2777 287 2812 in
305 2777 384 2812 iure
401 2777 499 2812 civili
518 2780 719 2823 postquam
738 2778 875 2813 rexerit
892 2778 930 2813 in
948 2777 1095 2814 artibus
1118 2789 1205 2813 cum
1227 2778 1529 2824 opposicionibus
1552 2775 1702 2825 respon-

246 2835 414 2871 sionibus
429 2836 587 2882 aliisque
603 2836 790 2872 exercitiis
807 2849 874 2883 per
889 2841 1036 2873 statuta
1053 2838 1246 2884 requisitis
1261 2838 1423 2874 sufficiat
1443 2839 1478 2874 ei
1500 2838 1547 2874 ad
1572 2839 1701 2885 iucipi—

248 2895 388 2931 endum
404 2896 444 2931 in
460 2896 589 2932 eodem
607 2897 688 2932 iure
