2046 3224
360 180 415 221 78
952 191 1102 223 GRACE
1134 192 1256 222 BooK
1289 192 1318 222 Δ
1690 181 1911 236 [1551-52

361 292 460 329 Item
484 291 703 328 conceditur
727 292 885 328 Gai-laco
910 292 1030 328 Frisio
1059 295 1102 328 vt
1132 295 1176 328 12
1201 292 1354 329 termini
1383 292 1444 328 hic
1471 295 1511 329 et
1539 292 1683 329 Oxonie
1708 292 1747 328 in
1773 291 1912 339 quibus

452 350 631 387 lectiones
668 351 877 387 ordinarias
911 351 1060 388 audiuit
1097 351 1186 387 licet
1217 363 1293 387 non
1325 352 1478 387 omnino
1511 350 1718 387 secundum
1753 351 1911 386 formam

453 410 591 446 statuti
615 422 691 446 vna
712 422 799 446 cum
821 409 1121 458 oppositionibus
1143 409 1447 457 responsionibus
1468 413 1508 446 et
1528 410 1613 446 aliis
1636 409 1822 445 exercitiis
1847 421 1913 456 per

454 469 554 515 regia
571 470 718 504 statuta
734 468 926 515 requisitis
942 468 1131 505 sufficiant
1147 468 1181 504 ei
1197 468 1246 506 ad
1262 467 1563 515 respondendum
1579 468 1767 514 questioni

363 528 461 564 Item
478 527 694 564 conceditur
710 527 854 563 Thome
871 527 1022 574 Lorkyn
1039 531 1082 563 vt
1095 530 1117 563 8
1134 527 1287 563 termini
1304 528 1344 563 in
1358 526 1496 574 quibus
1512 527 1690 563 lectiones
1706 527 1914 563 ordinarias

454 585 604 621 audiuit
619 585 708 621 lieet
721 597 796 621 non
810 585 963 621 omnino
975 585 1181 622 secundum
1195 586 1353 622 formam
1366 586 1503 622 statuti
1516 597 1602 622 cum
1616 585 1914 633 oppositionibus

455 643 759 692 responsionibus
775 647 814 680 et
826 644 910 680 aliis
922 644 1109 681 exercitiis
1122 645 1228 681 iuxta.
1243 645 1345 692 regia
1359 648 1508 682 statuta
1519 645 1711 693 requisitis
1723 645 1912 681 sufficiant

454 705 488 741 ei
505 704 554 741 ad
571 705 872 751 respondendum
889 705 1078 751 questioni

363 762 460 797 Item
486 761 702 798 oonoeditur
728 762 860 798 Miloni
886 762 1048 809 Bucleyo
1073 765 1116 798 vt
1142 765 1183 798 11
1210 762 1364 798 termini
1388 762 1428 798 in
1453 761 1592 810 quibus
1616 761 1794 798 lectiones
1815 761 1911 797 ordi-

457 822 581 857 narias
610 821 760 857 audiuit
788 833 855 869 per
881 822 1060 858 maiorem
1086 825 1233 869 partem
1260 822 1300 858 in
1326 825 1408 858 toto
1435 833 1523 858 cum
1551 819 1850 869 oppositionibus
1875 824 1914 856 et

455 880 760 928 responsionibus
778 881 970 928 requisitis
986 882 1176 919 sufficiant
1192 881 1225 918 ei
1242 881 1290 918 ad
1308 881 1608 930 respondendum
1623 880 1811 929 questioni

503 990 702 1027 Acworthe
719 990 789 1039 [et]
805 990 841 1027 d.
861 991 1021 1028 Gravett
1037 993 1126 1027 actu
1142 990 1311 1027 baochal:
1329 994 1419 1028 ante
1434 990 1786 1028 determinationem

363 1227 585 1270 Numerus
611 1226 1021 1269 bacchalaureorum
1049 1226 1094 1269 in
1125 1226 1295 1270 artibus
1323 1227 1448 1270 iuxta
1473 1227 1772 1271 senioritatem
1802 1231 1911 1271 1551

477 1358 490 1381 ¹
502 1357 694 1404 Alyngton
940 1356 976 1393 d.
997 1356 1181 1393 Beamont
1486 1358 1615 1404 Yonge

505 1415 744 1453 Handfortho
997 1415 1177 1452 Calebutt
1489 1417 1627 1453 Welles

503 1476 651 1511 Smarte
995 1475 1259 1522 Blynkehorne
1489 1476 1560 1513 Lee

450 1535 486 1571 d.
505 1535 641 1582 Abney
998 1535 1234 1582 Gyrlyngton
1434 1535 1469 1572 d.
1490 1535 1662 1572 Mau-kam

504 1594 626 1641 Gryce
997 1593 1148 1641 Lorkyn
1487 1594 1629 1631 Webbe

504 1652 719 1700 Dodington
997 1653 1148 1690 Hutton
1487 1653 1639 1701 Gybbes

503 1713 650 1749 Tui-ner
995 1711 1181 1759 Whypley
1487 1712 1666 1750 Asshawe

503 1771 697 1819 Wyburne
942 1771 978 1808 d.
998 1771 1145 1808 Rookes
1489 1771 1612 1809 Cooke

504 1832 636 1878 Harvy
996 1830 1193 1878 Gardynor
1489 1831 1662 1878 Graunge

504 1890 661 1937 Dakyns
996 1890 1159 1926 Munson
1489 1890 1670 1927 Gai-lacus
1686 1897 1800 1939 lpyne
1810 1892 1857 1938 (2)

504 1950 689 1997 Buckeley
997 1949 1132 1986 Clarke
1490 1950 1625 1986 Brome

505 2008 663 2045 Newton
999 2008 1101 2056 Peny

902 2275 1103 2334 Magistri
1133 2275 1179 2318 in
1211 2273 1380 2318 artibus

368 2408 411 2443 In
437 2408 570 2455 primis
598 2406 816 2444 oonooditur
843 2405 996 2443 domino
1022 2405 1207 2454 Culpepor
1232 2407 1275 2442 vt
1303 2416 1436 2442 novem
1467 2404 1618 2441 termini
1647 2408 1733 2452 post
1766 2404 1915 2442 finalem

458 2467 539 2504 eius
555 2466 906 2503 determinationem
924 2466 963 2502 in
980 2464 1118 2513 quibus
1135 2465 1314 2502 lectiones
1330 2463 1538 2501 ordinarias
1559 2463 1709 2501 audiuit
1730 2463 1818 2501 licet
1840 2475 1914 2500 non

459 2526 612 2563 omnino
628 2525 834 2563 secuudum
853 2526 1010 2562 somnam
1028 2524 1164 2562 statuti
1183 2536 1269 2561 cnm
1293 2522 1591 2572 oppositionibus
1612 2522 1916 2571 reslmnsionibus

457 2590 497 2623 et
529 2586 614 2623 aliis
641 2586 828 2623 exercitiis
862 2598 928 2634 per
959 2587 1108 2622 statuta
1140 2584 1241 2632 regia,
1272 2583 1464 2632 requisitis
1496 2583 1685 2620 sufficiant
1711 2582 1745 2619 ei
1779 2582 1826 2620 ad
1860 2583 1915 2620 in·

459 2644 672 2693 cipiondum
699 2645 736 2682 in
762 2644 910 2682 artibus

366 2703 505 2741 Eadem
532 2705 652 2751 gratia
673 2703 720 2741 de
744 2703 855 2740 verbo
879 2704 916 2740 in
943 2702 1097 2741 verbum
1121 2701 1338 2739 conceditur
1360 2700 1513 2739 domino
1537 2699 1739 2748 Robynuou
1763 2699 1916 2738 domino

462 2763 694 2809 Wntkynnon
712 2761 866 2799 domino
886 2762 1042 2809 Dakyns
1057 2765 1097 2798 et
1113 2760 1266 2798 domino
1283 2759 1427 2797 Gai-the

451 2884 460 2907 ¹
486 2884 573 2918 Thin
589 2884 649 2919 lint
665 2883 694 2917 i·
711 2883 847 2917 written
864 2883 900 2917 in
916 2893 981 2917 one
997 2881 1137 2917 column
1154 2881 1259 2924 ulons
1275 2880 1335 2916 the
1350 2880 1486 2916 bottom
1501 2879 1586 2923 σᾶς.
1601 2879 1639 2915 οἱ
1653 2879 1713 2915 th·
1729 2889 1826 2924 pege.
