2008 3294
295 209 381 250 332
878 217 1031 249 GRAcn
1061 217 1186 248 BOOK
1217 217 1247 247 Δ
1622 203 1846 262 [1579-80

295 323 438 360 Eadem
459 323 582 371 gratia
605 323 823 360 conceditur
839 325 885 359 28
903 322 1130 359 Novembris
1145 322 1326 369 magistro
1343 322 1366 358 J
1369 334 1402 360 o.
1420 322 1537 359 Holte
1614 324 1658 358 15
1675 322 1699 359 J
1701 319 1847 358 anuarii

389 384 570 431 magistro
594 384 798 420 Laurentio
823 383 986 420 Stanton
1066 385 1113 419 29
1139 382 1282 429 Aprilis
1315 382 1496 429 magistro
1528 381 1717 418 Willelmo
1750 380 1846 417 Lau-

390 455 499 480 rence
578 446 625 479 20
651 443 743 479 Maii
772 443 952 489 magistro
976 442 1119 478 Arturo
1149 441 1286 488 Hughe
1365 443 1410 480 27
1435 442 1527 478 Maii
1549 441 1729 489 magistro
1750 439 1848 476 Hen.

393 502 566 538 Fletcher
638 505 684 538 28
710 501 803 537 Maii
828 501 1008 548 magistro
1034 500 1199 537 Samueli
1225 501 1409 548 Flemyng
1480 504 1520 537 4⁰
1536 500 1643 537 Junii
1659 499 1851 546 magistris

391 561 415 597 J
418 573 449 597 0.
478 560 664 597 Lambard
687 561 817 598 Franc.
844 560 959 596 Holte
983 565 1022 596 et
1047 560 1139 597 Tho.
1166 560 1258 596 Best
1340 563 1385 596 10
1406 559 1430 596 J
1433 560 1514 597 unii
1537 560 1717 607 magistro
1739 559 1848 596 Geor.

392 620 484 656 Boet
557 624 594 656 1⁰
614 621 638 656 J
641 621 708 657 ulii
730 620 922 667 magistris
944 620 1104 657 Ricardo
1126 619 1250 668 Byrde
1269 620 1293 656 J
1296 632 1327 656 o.
1346 620 1601 657 Waterhowse
1622 623 1662 656 et
1684 619 1850 656 Martino

391 678 578 714 Williams
808 684 812 685 ⁷

299 737 526 774 Conceditur
542 741 565 773 4
580 738 604 774 J
607 738 687 773 unii
706 737 886 784 magistro
903 737 994 774 Tho.
1013 736 1170 784 Younge
1188 741 1232 773 vt
1248 737 1419 774 studium
1437 739 1458 775 7
1475 749 1662 774 annorum
1684 737 1723 773 in
1745 736 1849 772 theo-

393 797 490 844 logia
506 800 709 844 postquam
728 797 866 833 rexerit
882 797 922 832 in
939 796 1086 832 artibus
1108 807 1195 832 cum
1219 808 1293 832 vna
1315 797 1555 844 opposicione
1577 808 1652 832 vna
1673 795 1850 831 concione

394 856 442 892 ad
467 856 608 892 clerum
638 858 677 892 et
708 856 855 892 duabus
879 856 928 892 ad
953 855 1136 903 populum
1161 855 1324 892 sufficiat
1348 856 1381 892 ei
1407 858 1488 892 tam
1512 855 1561 892 ad
1585 853 1848 903 opponendum

395 926 509 961 quam
527 914 576 951 ed
593 914 813 950 intrandum
831 914 870 950 in
888 926 994 950 sacra
1010 913 1198 960 theologia

300 973 527 1009 Conceditur
549 976 587 1009 2⁰
609 973 633 1009 J
636 973 704 1009 ulii
728 973 909 1020 magistro
937 972 1116 1009 Christos.
1135 972 1253 1008 Shutt
1278 975 1321 1008 vt
1343 972 1514 1008 studium
1539 974 1584 1009 10
1606 983 1789 1008 annorum
1810 970 1849 1006 in

394 1033 581 1079 theologia
599 1036 800 1080 postquam
822 1032 960 1068 rexerit
983 1031 1023 1067 in
1045 1031 1192 1067 artibus
1214 1043 1302 1067 cum
1323 1031 1433 1067 vnice.
1454 1031 1695 1079 responsione
1717 1033 1756 1066 et
1778 1042 1851 1066 vno

395 1103 566 1128 sermone
582 1091 630 1127 ad
647 1091 830 1139 populum
846 1092 886 1127 in
903 1090 1094 1127 academie
1111 1090 1253 1138 templo
1269 1090 1432 1127 sufficiat
1448 1091 1482 1127 ei
1499 1093 1580 1127 tam
1597 1089 1645 1126 ad
1662 1101 1851 1137 opponen-

394 1152 487 1188 dum
503 1163 619 1198 quam
635 1151 684 1188 ad
701 1151 922 1188 intrandum
939 1152 979 1188 in
997 1163 1103 1187 sacra
1119 1150 1309 1198 theologia

769 1353 887 1396 Ordo
917 1353 1184 1397 senioritatis
1213 1353 1388 1411 maryin

490 1472 582 1510 Tho.
602 1473 693 1510 Best
914 1473 1170 1511 Waterhowse
1386 1474 1478 1511 Tho.
1496 1473 1654 1520 Younge

490 1533 608 1570 Shutt
915 1533 1054 1580 Hughe
1386 1533 1410 1569 J
1413 1545 1445 1571 ο.
1466 1533 1582 1570 Holte

490 1591 598 1628 Geor.
617 1591 708 1627 Best
914 1591 1101 1629 Williams
1385 1591 1512 1628 Steers

491 1650 677 1686 Lamberd
915 1650 1119 1698 Flemynge
1386 1649 1560 1686 Fletcher

491 1708 616 1756 Byrde
914 1708 1079 1745 Stanton
1383 1709 1443 1745 Fr.
1462 1708 1579 1745 Holte

492 1767 681 1804 Laui-enee

807 1972 1018 2016 Doctores
1048 1973 1095 2016 in
1125 1972 1344 2017 medicina

303 2098 532 2135 Conceditur
551 2100 595 2134 16
613 2097 788 2134 Octobris
806 2099 986 2145 magistro
1005 2098 1169 2135 Roberto
1188 2099 1310 2136 Preist
1326 2101 1369 2135 vt
1384 2099 1555 2136 studium
1573 2101 1594 2138 7
1612 2111 1797 2137 annorum
1814 2100 1854 2137 in

397 2158 583 2195 medicina
599 2160 801 2205 postquam
818 2158 955 2195 rexerit
971 2158 1010 2194 in
1027 2159 1174 2195 artibus
1191 2170 1278 2196 cum
1290 2158 1594 2207 opposicionibus
1606 2160 1853 2207 responsioni-

399 2216 471 2253 bus
492 2220 532 2253 et
553 2216 637 2253 eliis
659 2216 847 2253 exercitiis
872 2229 938 2264 per
961 2220 1110 2254 statuta
1134 2218 1234 2265 regia
1258 2217 1453 2265 requisitis
1478 2217 1642 2254 sufficiat
1665 2218 1700 2255 ei
1724 2218 1772 2255 ed
1797 2218 1853 2255 in-

398 2275 613 2323 cipiendum
639 2275 679 2312 in
703 2274 835 2312 eedem

304 2335 447 2372 Eadem
463 2334 585 2382 gratia
600 2333 819 2371 conceditur
834 2337 856 2371 4
873 2334 897 2371 J
901 2334 980 2372 unii
999 2335 1178 2383 magistro
1194 2335 1218 2372 J
1221 2347 1253 2374 0.
1271 2335 1415 2385 Trecye

805 2546 1015 2590 Doctores
1047 2546 1091 2590 in
1115 2546 1216 2605 jure
1247 2547 1363 2591 civili

306 2682 534 2719 Conceditur
560 2684 602 2719 16
628 2682 803 2720 Octobris
826 2685 1005 2730 magistro
1027 2684 1129 2732 Step.
1160 2684 1279 2721 Lakes
1306 2688 1348 2721 vt
1369 2684 1539 2722 studium
1563 2686 1584 2724 7
1606 2696 1791 2722 annorum
1814 2683 1853 2722 in

401 2738 480 2775 iure
501 2738 600 2775 civili
626 2742 825 2787 postquam
851 2740 987 2777 rexerit
1010 2741 1048 2777 in
1070 2740 1218 2778 artibus
1239 2753 1325 2778 cum
1351 2740 1528 2778 omnibus
1551 2740 1854 2789 opposicionibus

401 2797 704 2845 rm1mnnionib1m
724 2803 762 2835 et
782 2798 867 2835 aliis
888 2800 1075 2836 exercitiis
1092 2811 1158 2848 per
1179 2803 1327 2837 statuta
1349 2801 1542 2849 requisitis
1561 2800 1723 2838 sufficiat
1746 2800 1781 2837 ei
1804 2800 1852 2837 ed

401 2854 653 2903 incipiendum
673 2856 710 2893 in
727 2856 856 2894 eodem
869 2857 955 2905 jure

307 2913 447 2950 Eadem
464 2914 585 2961 gratia
602 2914 818 2952 conceditur
836 2917 879 2953 27
900 2914 989 2952 Maii
1010 2916 1188 2963 magistro
1207 2916 1393 2954 willelmo
1411 2916 1600 2955 Farrande
