2008 3294
187 175 404 231 1579-80]
759 185 911 217 emon
942 185 1066 216 Boon
1098 186 1126 216 Δ
1643 173 1730 215 333

183 289 410 327 Conceditur
427 293 471 326 12
489 289 683 327 Februarii
701 289 880 336 magistro
898 289 1058 327 Ricardo
1076 289 1200 336 Cosyn
1218 288 1448 325 Cancellario
1469 287 1612 323 domini
1636 287 1730 334 epis-

278 349 360 396 copi
390 349 659 396 wigorniensis
683 352 726 384 vt
754 348 924 384 studium
955 350 976 386 7
1005 360 1191 384 annorum
1221 348 1261 383 in
1291 347 1371 383 iure
1399 346 1499 382 civili
1529 348 1731 393 postquam

242 401 245 405 ‘
277 408 415 445 rexerit
431 409 471 445 in
487 408 634 445 artibus
650 420 738 445 curn
755 420 829 445 vna
846 407 1085 456 responsione
1101 407 1265 443 sufficiat
1286 407 1320 442 ei
1342 406 1390 442 ad
1412 404 1668 453 incipiendum
1692 405 1731 440 in

277 467 358 504 iure
374 467 475 504 civili

714 718 874 761 Doctor
902 717 949 760 in
980 717 1201 774 theologia

186 843 412 881 Conceditur
431 847 475 880 12
493 843 685 880 Februarii
704 845 882 891 magistro
901 844 1064 880 Roberto
1082 845 1193 880 Some
1210 847 1252 880 vt
1269 843 1439 879 studium
1457 846 1478 878 5
1495 854 1680 879 annorum
1694 842 1732 878 in

279 903 467 951 theologia
499 907 585 952 post
617 904 771 951 gradum
807 904 1142 941 bacchalaureatus
1170 904 1209 940 in
1238 903 1369 939 eadem
1398 905 1616 948 susceptum
1645 914 1732 937 cum

279 962 580 1010 opposicionibus
602 963 907 1010 responsionibus
929 962 1167 999 sermonibus
1189 962 1348 1008 aliisque
1373 964 1432 997 etc
1455 961 1618 996 sufficiat
1634 961 1667 996 ei
1685 960 1733 996 ad

279 1021 562 1069 incipiendum
552 1034 592 1058 in
609 1034 716 1059 sacra
733 1022 919 1069 theologia

186 1081 298 1118 Mem.
321 1080 422 1127 quod
443 1081 614 1128 prefatus
638 1082 817 1127 magister
839 1081 951 1118 Some
980 1093 1054 1117 non
1083 1080 1256 1116 interfuit
1284 1079 1448 1115 comitiis
1475 1079 1540 1115 sed
1568 1078 1735 1115 obtinuit

277 1140 595 1188 dispensationem
618 1153 643 1177 a
667 1141 817 1187 reginea
842 1141 1039 1178 maiestate
1114 1140 1220 1177 Idem
1244 1151 1312 1186 per
1334 1138 1494 1185 gratiam
1519 1141 1670 1174 creatus
1696 1139 1733 1173 in

279 1199 416 1239 scholis
431 1199 592 1248 publicis
609 1203 655 1237 28
671 1200 695 1236 J
698 1212 778 1236 unu
796 1212 896 1237 anno
912 1199 1057 1237 domini
1078 1203 1169 1236 1582
1187 1204 1230 1235 vt
1247 1199 1286 1235 in
1304 1211 1347 1235 eo
1364 1210 1464 1234 anno
1481 1200 1588 1246 patet

546 1457 709 1500 Gratiae
739 1472 825 1500 non
855 1463 1162 1500 concernentes
1192 1459 1371 1501 formam
1754 1459 1777 1496 f.
1806 1458 1876 1496 131
1897 1472 1921 1497 a

186 1582 411 1619 Conceditur
441 1586 485 1620 16
514 1583 730 1620 Decembris
760 1584 940 1631 magistro
969 1583 1155 1621 Willelmo
1180 1585 1403 1633 Wilkynson
1429 1589 1470 1622 vt
1494 1586 1546 1622 sit
1570 1597 1667 1621 vnus
1691 1597 1735 1621 cx

284 1644 327 1678 12
344 1641 639 1689 predicatoribus
657 1643 726 1678 hoc
742 1643 907 1690 presenti
923 1655 1023 1678 anno
1043 1655 1110 1690 per
1128 1643 1358 1680 academiam
1378 1644 1597 1680 emittendis
1620 1644 1673 1680 sic
1695 1649 1736 1680 vt

281 1711 392 1747 super
420 1700 490 1736 hac
519 1703 644 1737 vestra
671 1701 908 1737 concessione
937 1700 1065 1737 literas
1094 1701 1231 1738 habeat
1259 1702 1442 1748 sigillatas
1466 1702 1586 1749 sigillo
1613 1709 1736 1738 vestro

279 1759 469 1795 communi

187 1817 329 1853 Eadem
351 1818 473 1864 gratia
497 1818 712 1855 conceditur
739 1818 869 1855 eodem
899 1819 1079 1866 magistro
1104 1820 1268 1856 Henrico
1293 1820 1398 1856 Goad
1423 1832 1527 1856 sacre
1552 1821 1736 1867 theologie

281 1876 547 1914 baechalaureo
618 1881 666 1914 30
687 1878 710 1914 J
713 1879 858 1915 anuarii
884 1879 991 1916 Geor.
1019 1880 1090 1915 Lee
1162 1883 1185 1916 6
1209 1880 1401 1916 Februarii
1421 1881 1523 1927 Step.
1546 1881 1581 1916 M
1586 1881 1734 1928 yddope

282 1938 328 1972 29
350 1935 493 1983 Aprilis
517 1936 693 1974 Christos.
716 1937 871 1984 Wylson
893 1938 932 1974 in
955 1938 1102 1974 artibus
1127 1939 1317 1984 magistris
1389 1942 1428 1974 4⁰
1453 1940 1558 1975 Junii
1586 1941 1736 1976 Olivero

282 1995 424 2043 Philips
455 2008 559 2032 sacre
592 1996 774 2043 theologie
806 1997 1073 2034 bacchalaureo
1168 2002 1207 2034 4⁰
1239 1999 1262 2034 J
1266 1999 1345 2034 unii
1381 2000 1540 2036 Ricardo
1573 2000 1734 2036 Ger-rard

283 2057 328 2090 10
355 2054 462 2091 Junii
493 2055 551 2091 Jo.
588 2055 728 2092 Paman
761 2059 801 2092 et
835 2057 945 2093 Leon.
981 2057 1187 2093 Chambers
1220 2058 1259 2093 in
1292 2057 1440 2093 artibus
1473 2059 1663 2105 magistris
1696 2062 1735 2095 et

282 2115 327 2148 10
342 2113 366 2149 J
371 2113 449 2149 unii
475 2113 633 2150 Ricardo
657 2114 773 2151 Jones
797 2127 899 2151 sacre
925 2115 1110 2163 theologie
1136 2115 1403 2153 bacchalaureo

187 2171 414 2208 Conceditur
436 2175 479 2208 16
503 2172 719 2208 Decembris
793 2173 918 2218 Quum
938 2173 1050 2210 breve
1069 2178 1108 2210 et
1130 2178 1368 2212 contractum
1390 2176 1441 2212 sit
1461 2178 1611 2224 tempus
1637 2177 1736 2213 inter

279 2231 505 2278 principium
530 2232 688 2278 proximi
711 2233 865 2269 termini
888 2235 927 2269 et
949 2234 1103 2270 comitia
1125 2235 1462 2282 questionistarum
1484 2238 1528 2273 vt
1546 2237 1735 2283 generales

279 2291 446 2338 sophiste
468 2303 556 2328 suas
577 2291 855 2339 disputaciones
878 2305 1046 2330 exercere
1066 2294 1212 2341 possint
1231 2294 1389 2342 singulis
1410 2295 1586 2342 profestis
1601 2296 1735 2332 diebus

282 2350 394 2386 huius
416 2351 622 2386 vacationis
644 2351 692 2387 ab
715 2351 806 2388 hora
829 2364 928 2388 nona
950 2355 1040 2388 ante
1063 2352 1270 2389 meridiana
1293 2353 1342 2390 ad
1364 2354 1600 2391 vndecimam
1624 2359 1663 2392 et
1685 2355 1735 2391 ab

283 2408 374 2445 hora
390 2409 511 2456 prima
529 2411 786 2457 pomeridiana
802 2411 850 2448 ad
867 2413 1019 2448 tertiam
1037 2413 1076 2448 in
1094 2413 1221 2450 schola
1243 2417 1422 2451 consueta
1444 2414 1498 2451 sic
1519 2415 1621 2462 quod
1638 2416 1734 2451 alter

282 2467 520 2505 collectorum
536 2473 575 2505 et
592 2472 638 2505 20
654 2470 842 2516 generales
863 2471 1031 2518 sophiste
1048 2471 1096 2508 ad
1114 2472 1315 2509 minimum
1332 2473 1511 2510 intersint

188 2526 412 2562 Conceditur
428 2529 474 2563 29
486 2527 509 2563 J
512 2528 657 2564 anuarii
718 2529 814 2565 Cum
830 2530 910 2566 dies
926 2530 974 2566 ad
992 2530 1287 2579 philosophicam
1303 2531 1602 2579 disputacionem
1618 2535 1730 2580 assig-

282 2586 363 2622 nati
387 2598 454 2633 per
476 2590 666 2624 statutum
691 2600 765 2624 non
790 2589 982 2626 sufficiunt
1007 2591 1212 2637 incepturis
1237 2591 1307 2627 hoc
1331 2603 1431 2628 anno
1455 2592 1495 2628 in
1519 2593 1665 2629 artibus
1690 2598 1732 2629 vt

281 2644 557 2692 disputaciones
573 2647 668 2682 fiant
683 2646 816 2684 diebus
833 2648 989 2684 Veneris
1007 2652 1046 2685 et
1063 2649 1219 2686 Saturni
1242 2650 1282 2687 in
1303 2650 1573 2699 philosophicis
1594 2653 1731 2688 scholis

281 2703 330 2740 ab
346 2704 437 2740 hora
458 2716 556 2740 nona
578 2717 695 2752 vsque
714 2707 761 2742 ad
782 2707 1017 2744 vndecimam
1042 2710 1204 2754 presenti
1227 2709 1344 2745 altero
1365 2714 1604 2756 procuratore
1627 2715 1665 2747 et
1686 2724 1731 2748 ex

281 2762 436 2799 bedellis
462 2775 535 2799 vno
562 2764 627 2811 qui
657 2764 776 2812 pridie
808 2766 943 2803 saltem
971 2767 1136 2804 eiusdem
1166 2768 1241 2804 diei
1270 2768 1478 2805 ordinarios
1506 2770 1662 2806 lectores
1691 2772 1730 2807 in

281 2820 441 2869 publicis
462 2822 598 2858 scholis
620 2828 838 2870 premaneat
864 2825 990 2861 future
1015 2826 1287 2873 disputacionis
1311 2830 1350 2864 et
1372 2829 1403 2864 si
1427 2830 1629 2877 quicquam
1650 2843 1730 2878 pre-

283 2880 482 2916 missorum
498 2881 697 2918 omittatur
713 2882 780 2919 hec
795 2884 917 2931 gratia
932 2885 1036 2921 nulla
1051 2886 1102 2921 sit
1118 2889 1157 2922 et
1173 2898 1291 2924 vacua
