2008 3216
330 162 412 204 162
585 154 588 156 ’
696 138 700 142 ⁷
911 173 1064 204 emon
1094 172 1219 203 ΒοοΚ
1250 170 1281 202 Δ
1658 157 1880 213 [1562-63

327 276 470 313 Eadem
490 278 612 324 gratia
632 289 719 313 cum
743 280 784 313 11
809 277 982 313 terminis
1003 276 1221 312 conceditur
1243 275 1374 312 eodem
1399 275 1465 311 Ro.
1493 273 1620 320 Rodys
1643 271 1712 308 Ed.
1739 270 1882 307 Becher

422 335 532 372 Edm.
551 336 694 372 Barker
716 336 773 372 Ri.
793 336 875 371 Hill
900 335 1133 372 Christoforo
1156 334 1277 371 Fewle
1301 333 1456 382 [Fowle]
1472 333 1496 369 J
1499 345 1531 370 ο.
1549 332 1669 368 Nesse
1692 330 1884 367 Baldwino

423 394 561 430 Esdale
576 394 600 430 J
602 407 633 430 o.
654 394 753 431 Love
776 394 962 431 Clementi
987 393 1181 441 Paymond
1199 392 1387 429 Willelmo
1409 391 1629 438 Brathwayt

330 453 560 490 Conceditur
585 457 607 488 5
630 453 825 490 Februarii
851 453 1055 490 Rowlando
1081 453 1153 489 Lee
1175 454 1219 488 vt
1241 451 1276 498 vj
1301 451 1456 488 termini
1480 451 1521 486 in
1545 449 1616 486 hac
1638 449 1885 486 vniuersitate

425 515 464 549 et
480 513 516 559 vj
537 513 690 549 termini
712 513 752 549 in
770 513 1018 549 vniuersitate
1035 512 1238 549 Oxoniensi
1261 511 1301 547 in
1317 510 1457 558 quibus
1478 510 1656 547 lectiones
1679 508 1887 545 ordinarias

427 571 576 607 audivit
593 571 682 607 licet
699 583 774 607 non
792 572 946 607 omnino
962 571 1169 608 secundum
1186 571 1346 607 formam
1363 569 1500 606 statuti
1517 580 1604 605 cum
1616 571 1685 605 etc.
1699 567 1888 604 sufficiant

428 631 463 667 ei
479 631 528 667 ad
546 631 848 678 respondendum
865 631 1055 677 questioni

332 689 560 725 Conceditur
582 693 603 724 5
627 689 822 725 Februarii
845 689 869 725 J
871 701 902 725 o.
923 689 1166 725 Clarebachio
1183 690 1226 724 vt
1249 692 1271 724 2
1293 687 1447 724 termini
1471 687 1532 723 hic
1555 687 1657 734 apud
1679 698 1748 722 nos
1770 689 1793 723 3
1815 688 1888 722 ter-

428 748 521 784 mini
552 748 705 784 Parisiis
732 760 819 784 cum
849 750 871 784 9
898 748 1070 784 terminis
1096 747 1355 794 Wittenberge
1382 747 1422 783 in
1448 746 1587 794 quibus
1613 746 1792 782 lectiones
1817 748 1887 782 etc.

427 806 618 842 sufficiant
636 806 670 842 ei
687 806 735 843 ad
752 807 1055 854 respondendum
1072 806 1261 853 questioni

333 865 562 902 Conceditur
590 869 612 901 5
641 866 837 902 Februarii
867 866 946 902 Ric.
976 865 1114 902 Porder
1139 868 1182 902 vt
1209 865 1380 902 studium
1410 868 1432 901 2
1458 876 1643 901 annorum
1669 864 1824 901 Oxoniis
1850 867 1890 900 et

429 924 480 960 vii
497 924 650 960 termini
672 924 734 961 hic
757 924 857 972 apud
875 937 942 961 vos
963 925 1003 960 in
1023 924 1162 971 quibus
1179 927 1248 961 etc.
1267 923 1458 960 sufficiant
1473 923 1507 960 ei
1524 923 1572 960 ad
1589 922 1890 970 respondendum

428 983 619 1030 questioni

335 1043 563 1080 Conceditur
579 1046 601 1078 5
620 1042 815 1079 Februarii
832 1043 923 1079 Tho.
939 1042 1097 1079 Wrothe
1114 1045 1157 1079 vt
1173 1043 1345 1079 studium
1362 1046 1384 1078 5
1401 1053 1587 1079 annorum
1603 1041 1745 1089 partim
1762 1041 1802 1078 in
1818 1041 1890 1078 hac

428 1102 677 1138 vniuersitate
698 1102 839 1149 partim
863 1102 1014 1138 Lutetie
1035 1105 1075 1138 et
1098 1102 1344 1149 Heidelberge
1367 1102 1407 1138 in
1427 1101 1566 1149 quibus
1582 1103 1652 1137 etc.
1670 1100 1833 1138 sufficiat
1855 1101 1889 1137 ei

429 1161 478 1197 ad
494 1160 795 1207 respondendum
813 1161 1003 1207 questioni

336 1219 563 1257 Conceditur
591 1221 636 1255 19
663 1219 858 1255 Februarii
889 1219 1054 1256 Roberto
1082 1220 1244 1267 Spenser
1270 1223 1312 1256 vt
1341 1223 1384 1256 12
1411 1219 1563 1255 termini
1588 1219 1629 1255 in
1655 1218 1794 1266 quibus
1819 1218 1890 1256 lec-

430 1278 553 1314 tiones
569 1280 639 1313 etc.
659 1277 848 1312 sufficiant
865 1277 900 1313 ei
916 1277 964 1313 ad
981 1278 1283 1325 respondendum
1300 1278 1489 1325 questioni
1506 1278 1560 1314 sic
1574 1281 1616 1314 vt
1632 1278 1714 1314 eius
1729 1277 1891 1320 eruditio

430 1337 536 1383 prius
552 1336 790 1372 examinetur
805 1340 844 1372 et
861 1336 1091 1383 approbetur
1107 1349 1174 1384 per
1190 1337 1463 1373 examinatores
1479 1336 1592 1373 huius
1607 1337 1697 1373 anni

335 1395 478 1432 Eadem
507 1396 630 1442 gratia
657 1395 875 1432 conceditur
903 1395 1034 1432 eodem
1065 1396 1262 1444 Rodolpho
1287 1396 1523 1444 Wylkynson
1549 1396 1606 1433 W.
1633 1396 1802 1433 Farrand
1830 1396 1888 1433 Jo.

430 1455 679 1503 Wylliamson
703 1455 727 1491 J
730 1468 762 1492 ο.
790 1455 931 1502 Rogers
955 1456 978 1492 J
981 1467 1034 1492 ac.
1063 1456 1170 1503 Kaye
1195 1456 1218 1492 J
1221 1467 1253 1492 o.
1282 1456 1476 1492 Hansome

335 1515 478 1551 Eadem
491 1515 612 1562 gratia
625 1514 842 1551 conceditur
854 1515 984 1551 eodem
998 1527 1084 1551 cum
1100 1518 1141 1551 11
1155 1515 1328 1551 terminis
1341 1514 1433 1551 Tho.
1446 1514 1591 1551 Crooke
1604 1514 1668 1550 Το.
1682 1514 1890 1551 Townsend

429 1574 522 1612 Tho.
542 1575 648 1611 Huet
670 1574 805 1621 Egidio
822 1575 946 1622 Aleph
966 1575 989 1610 J
993 1587 1024 1611 o.
1044 1575 1190 1611 Greene
1206 1575 1263 1611 W.
1285 1575 1378 1611 Liffe
1401 1574 1506 1611 Rich.
1525 1573 1733 1611 Chambers
1749 1577 1788 1611 et
1804 1586 1891 1612 cum

434 1637 478 1670 10
494 1634 668 1670 terminis
685 1634 742 1670 W.
762 1633 910 1671 Charke
927 1638 966 1670 et
983 1634 1092 1671 Edm.
1112 1635 1274 1682 Symson

175 1682 203 1723 f·
228 1683 278 1721 68
293 1696 319 1722 8
336 1693 564 1730 Conceditur
586 1696 631 1729 22
655 1693 786 1729 Martii
804 1693 993 1730 Willelmo
1018 1694 1159 1730 Parker
1175 1698 1218 1731 vt
1243 1697 1286 1730 12
1309 1694 1462 1730 termini
1488 1694 1526 1730 in
1550 1693 1690 1741 quibus
1714 1694 1894 1730 lectiones

431 1752 640 1788 ordinarias
665 1752 812 1788 audivit
837 1753 925 1789 licet
950 1765 1026 1789 non
1052 1754 1206 1789 omnino
1230 1753 1438 1789 secundum
1461 1753 1622 1789 formam
1644 1753 1782 1789 statuti
1804 1764 1891 1789 cum

431 1811 733 1858 oppositionibus
756 1811 1062 1859 responsionibus
1085 1815 1124 1849 et
1146 1813 1232 1849 aliis
1254 1812 1442 1849 exercitiis
1465 1824 1531 1860 per
1552 1812 1654 1860 regia
1675 1815 1822 1849 statuta
1837 1824 1892 1849 re-

431 1870 585 1918 quisitis
607 1870 797 1907 sufficiant
818 1871 853 1907 ei
876 1871 923 1907 ad
947 1872 1250 1919 respondendum
1273 1872 1463 1919 questioni
1486 1872 1540 1908 sic
1563 1875 1606 1909 vt
1627 1872 1708 1908 eius
1730 1872 1893 1909 eruditio

432 1929 537 1976 prius
558 1929 795 1966 examinetur
816 1933 855 1965 et
877 1930 1109 1977 approbetur
1131 1942 1198 1978 per
1219 1931 1494 1967 examinatores
1516 1930 1631 1967 huius
1652 1930 1743 1967 anni
1760 1934 1799 1967 et
1815 1934 1893 1967 stet

432 1988 620 2035 reliquum
637 1988 921 2036 quadragesime
938 2001 1024 2026 cum
1041 1991 1176 2027 ceteris
1193 1990 1456 2038 questionistis

338 2046 480 2084 Eadem
497 2047 619 2093 gratia
635 2047 853 2084 conceditur
869 2047 999 2085 eodem
1019 2048 1202 2085 Nicholao
1220 2049 1368 2096 Riselye
1387 2049 1452 2085 Ro.
1471 2049 1597 2097 Shyne

338 2106 481 2143 Eadem
509 2106 632 2153 gratia
660 2106 878 2143 conceditur
909 2107 1040 2144 eodem
1069 2120 1155 2144 cum
1188 2111 1228 2144 11
1262 2108 1436 2145 terminis
1464 2108 1487 2145 J
1491 2120 1543 2144 ac.
1577 2108 1683 2156 Kaye
1711 2111 1750 2145 et
1778 2108 1890 2145 Arth.

433 2164 598 2201 Samuel}
623 2169 663 2201 et
687 2177 774 2202 cum
803 2168 848 2202 10
872 2166 1047 2203 terminis
1072 2166 1164 2204 Tho.
1192 2166 1338 2203 Yarner

338 2224 566 2262 Conceditur
593 2227 637 2261 19
662 2224 855 2262 Februarii
884 2226 1067 2263 Nicholao
1092 2226 1243 2263 Welche
1269 2229 1312 2262 vt
1339 2229 1382 2263 12
1407 2226 1562 2263 termini
1590 2227 1730 2275 partim
1756 2227 1795 2264 in
1822 2228 1892 2264 hac

434 2284 682 2320 vniuersitate
710 2287 750 2321 et
776 2284 932 2321 Oxoniis
961 2285 1102 2333 partim
1131 2285 1285 2322 Parisiis
1316 2286 1355 2322 in
1382 2285 1522 2333 quibus
1545 2288 1615 2323 etc.
1641 2286 1831 2323 sufficiant
1858 2286 1893 2323 ei

434 2342 481 2379 ad
504 2343 807 2391 respondendum
829 2345 1020 2392 questioni
1043 2345 1097 2381 sic
1115 2347 1157 2382 vt
1179 2345 1260 2381 eius
1283 2344 1446 2381 eruditio
1469 2345 1574 2392 prius
1596 2345 1832 2382 examinetur
1853 2348 1892 2382 et

432 2401 663 2451 approbetur
682 2414 749 2451 per
764 2403 1040 2441 examinatores
1056 2403 1169 2441 huius
1185 2404 1275 2440 anni

339 2460 566 2498 Conceditur
588 2463 611 2499 9
631 2461 654 2498 J
659 2461 726 2498 ulii
752 2464 843 2498 1562
861 2461 918 2499 W.
937 2461 1078 2499 Cot-bet
1095 2466 1137 2499 vt
1163 2465 1206 2500 10
1223 2462 1376 2500 termini
1400 2463 1439 2500 in
1457 2462 1596 2512 quibus
1613 2467 1683 2502 etc.
1702 2464 1891 2502 sufficiant

433 2520 468 2557 ei
484 2519 532 2557 ad
550 2519 851 2568 reslmndendum
868 2521 1058 2569 questioni
