1976 3276
334 150 420 191 224
447 144 449 146 ’
915 160 1068 192 GRAon
1098 161 1224 192 BOOK
1255 160 1285 191 Δ
1659 150 1881 205 [1568-69

333 262 561 297 Conceditur
579 264 622 299 17
639 262 663 298 J
666 262 746 298 unii
764 263 945 309 magistro
961 262 1150 298 Willelmo
1168 262 1304 298 Clarke
1321 264 1364 298 vt
1380 262 1551 298 studium
1571 265 1616 298 10
1632 274 1818 298 annorum
1842 262 1881 297 in

427 319 508 355 iure
524 320 625 355 civili
643 324 846 367 postquam
863 320 1000 356 rexerit
1017 320 1057 355 in
1074 320 1222 355 artibus
1238 332 1326 355 cum
1348 319 1650 366 oppositionibus
1670 322 1710 355 et
1730 331 1881 366 respon-

427 378 530 414 tione
546 378 585 413 in
603 379 784 424 vesperiis
800 379 1057 424 proximorum
1074 379 1314 415 comitiorum
1327 379 1490 414 sufficiat
1506 378 1541 414 ei
1557 378 1606 414 ad
1623 377 1881 425 incipiendum

427 437 466 472 in
483 437 614 472 eodem
626 437 712 483 jure
761 438 1005 473 Presentatus
1022 450 1090 484 per
1105 438 1296 474 doctorem
1314 438 1458 474 Master
1474 441 1514 473 et
1526 437 1715 474 admissus
1734 440 1771 473 1⁰
1787 437 1881 473 Julii

332 496 560 531 Conceditur
583 499 621 531 2⁰
639 496 663 531 J
667 496 733 531 ulii
755 497 936 542 magistro
959 497 1135 532 Michaeli
1159 497 1305 543 Brisley
1327 500 1370 532 vt
1392 496 1563 532 studium
1586 509 1610 532 x
1632 508 1817 532 annorum
1841 496 1881 531 in

426 554 628 589 iurecivili
651 558 854 601 postquam
877 555 1016 590 rexerit
1037 555 1079 591 in
1101 555 1248 591 artibus
1271 567 1358 591 cum
1382 555 1559 591 omnibus
1581 554 1882 602 oppositionibus

425 615 465 648 et
482 624 556 648 vna
571 613 812 659 respontione
829 613 906 648 iam
923 616 1075 659 peracta
1091 616 1131 649 et
1147 613 1384 660 oppositione
1400 613 1613 660 peragenda
1629 614 1669 649 in
1685 613 1747 649 die
1769 613 1881 649 comi—

426 672 566 707 tiorum
590 672 753 708 sufficiat
776 673 821 708 ei*
835 672 884 708 ad
909 672 1166 719 incipiendum
1191 673 1231 708 in
1256 672 1387 709 eodem
1407 672 1494 720 jure
1549 673 1794 709 Presentatus
1816 684 1882 720 per

426 731 616 766 doctorem
634 731 778 766 Master
794 735 832 766 et
849 731 1039 767 admissus
1055 731 1186 767 eodem

333 790 445 824 Mem.
473 789 573 835 quod
599 789 670 825 hoc
699 801 799 825 anno
826 794 906 825 tam
935 790 1145 837 inceptores
1174 791 1215 826 in
1243 790 1430 826 medicina
1459 802 1575 837 quam
1604 790 1644 826 in
1667 789 1753 838 jure
1780 790 1882 826 civili

423 848 674 885 observabant
691 853 800 885 actus
817 862 905 885 suos
922 850 962 885 in
978 850 1159 896 vesperiis
1175 850 1415 886 comitiorum
1435 850 1476 885 in
1499 849 1638 886 scholis
1659 848 1821 897 publicis
1842 852 1882 885 et

426 919 502 943 non
519 907 559 942 in
575 907 731 943 ecclesia
747 907 857 944 beate
874 908 994 944 Marie
1010 907 1126 955 idque
1141 910 1231 944 ante
1247 907 1444 944 meridiem

821 1192 1077 1236 Bacalaurei
1107 1193 1155 1236 in
1186 1193 1406 1251 theologia

332 1327 559 1363 Conceditur
591 1330 614 1364 9
646 1327 740 1363 Julii
772 1339 872 1363 anno
904 1327 1049 1363 domini
1085 1330 1177 1364 1568
1209 1329 1391 1374 magistro
1424 1328 1595 1365 Galfrido
1627 1328 1799 1364 Johnson
1837 1330 1880 1363 vt

425 1387 595 1423 studium
623 1391 645 1423 5
671 1399 857 1423 annorum
884 1388 924 1423 in
951 1387 1138 1434 theologia
1166 1391 1371 1435 postquam
1397 1389 1535 1425 rexerit
1561 1389 1602 1424 in
1627 1388 1774 1424 artibus
1793 1399 1879 1424 cum

425 1446 724 1493 oppositionibus
764 1446 1072 1493 responsionibus
1112 1447 1348 1483 sermonibus
1384 1450 1424 1483 et
1463 1447 1548 1483 aliis
1587 1447 1774 1483 exercitiis
1814 1458 1882 1494 per

425 1508 572 1541 statuta
594 1505 789 1552 requisitis
811 1506 1050 1552 perficiendis
1073 1506 1172 1542 infra
1195 1518 1339 1542 annum
1356 1518 1423 1542 sue
1439 1506 1681 1542 admissionis
1696 1505 1768 1542 sub
1784 1517 1881 1553 pena

427 1563 462 1610 vj
475 1563 502 1599 li
526 1563 589 1611 xiij
603 1575 622 1599 s
642 1563 695 1610 iiij
708 1563 733 1599 d
755 1563 930 1611 ponenda
946 1564 986 1600 in
1006 1563 1182 1600 manibus
1203 1564 1511 1610 procuratoribus
1531 1568 1620 1602 ante
1639 1565 1720 1601 eius
1741 1565 1879 1601 admis-

427 1622 571 1658 sionem
587 1623 750 1658 sufficiat
766 1623 800 1659 ei
817 1627 898 1659 tam
914 1623 963 1659 ad
980 1622 1246 1670 opponendum
1268 1635 1385 1670 quam
1401 1623 1450 1659 ad
1466 1623 1688 1660 intrandum
1708 1624 1749 1660 in
1774 1635 1880 1660 sacra

427 1681 614 1728 theologia
662 1682 906 1718 Presentatus
916 1693 983 1729 per
994 1681 1185 1718 doctorem
1204 1682 1450 1729 Longeworth
1463 1685 1502 1719 et
1513 1682 1703 1719 admissus
1718 1685 1760 1720 17
1771 1682 1795 1719 J
1798 1683 1879 1719 unii

429 1741 587 1788 (peregit
603 1741 731 1776 omnia
747 1741 882 1788 marq.)

333 1800 475 1836 Eadem
490 1801 612 1847 gratia
627 1800 844 1837 conceditur
861 1803 907 1836 30
924 1799 1099 1836 Octobris
1115 1800 1296 1847 magistro
1313 1799 1502 1836 Willelmo
1516 1799 1640 1836 Tabor
1652 1813 1739 1837 cum
1751 1801 1880 1837 studio

428 1859 597 1905 quinque
623 1870 809 1895 annorum
837 1858 910 1894 sub
941 1858 1115 1895 cautione
1140 1858 1203 1906 viij
1223 1858 1250 1894 li
1311 1858 1556 1895 Presentatus
1588 1871 1656 1906 per
1688 1859 1877 1896 doctorem

427 1915 604 1952 Hawford
621 1920 659 1952 et
676 1915 863 1952 admissus
879 1915 1010 1952 eodem
1058 1917 1220 1963 (peregit
1243 1916 1370 1952 omnia
1389 1917 1522 1964 mary.)

332 1973 561 2010 Conceditur
577 1975 629 2010 ν1όο
647 1973 872 2010 Novembris
889 1974 1070 2020 magistro
1088 1974 1320 2011 Christofero
1339 1973 1508 2021 Lyndley
1526 1977 1569 2010 vt
1586 1974 1755 2011 studium
1774 1978 1796 2011 5
1812 1987 1877 2012 an-

428 2044 563 2068 norum
587 2033 626 2068 in
649 2032 837 2079 theologia
859 2036 1062 2080 postquam
1086 2033 1224 2069 rexerit
1247 2033 1287 2069 in
1310 2032 1458 2068 artibus
1474 2044 1561 2069 cum
1578 2034 1879 2081 oppositionibus

428 2095 488 2127 etc
504 2091 741 2138 perficiendis
763 2091 862 2127 infra
883 2103 1025 2127 annum
1048 2103 1115 2127 sue
1137 2090 1378 2127 admissionis
1400 2091 1471 2127 sub
1493 2103 1590 2139 pena
1616 2092 1678 2129 xli
1706 2093 1879 2141 ponenda

425 2154 485 2186 etc
513 2150 675 2186 sufficiat
702 2150 737 2186 ei
766 2153 847 2186 tam
875 2149 924 2186 ad
956 2149 1223 2197 opponendum
1252 2161 1366 2197 quam
1392 2149 1439 2186 ad
1465 2150 1684 2187 intrandum
1708 2151 1748 2187 in
1773 2164 1879 2188 sacra

427 2209 614 2256 theologia
631 2209 686 2245 ita
702 2212 745 2246 vt
761 2209 843 2245 eius
859 2209 1038 2245 admissio
1055 2213 1131 2246 stet
1144 2221 1212 2257 pro
1225 2209 1422 2256 completis
1434 2209 1552 2256 gradu
1569 2214 1608 2246 et
1624 2210 1743 2246 forma
1792 2211 1876 2247 Pre-

428 2273 602 2305 sentatus
613 2280 679 2315 per
688 2268 878 2305 doctorem
893 2268 1011 2305 Perne
1021 2273 1060 2305 et
1070 2268 1258 2305 admissus
1271 2268 1402 2305 eodem
1443 2270 1601 2317 (peregit
1611 2271 1738 2306 omnia
1745 2273 1876 2319 mar-9.)

331 2326 559 2364 Conceditur
591 2329 633 2361 13
664 2326 755 2362 Maii
781 2326 962 2372 magistro
991 2326 1058 2363 Ed.
1091 2326 1256 2374 Buckley
1287 2330 1329 2363 vt
1357 2326 1528 2363 studium
1558 2326 1593 2374 vj
1623 2339 1808 2365 annorum
1838 2329 1877 2365 in

426 2385 612 2432 theologia
629 2390 829 2432 postquam
847 2386 985 2422 rexerit
1003 2385 1041 2421 in
1059 2385 1206 2422 artibus
1223 2397 1309 2422 cum
1327 2386 1628 2433 oppositionibus
1651 2389 1711 2423 eto
1734 2388 1876 2434 perfici-

425 2444 533 2482 endis
550 2444 647 2480 iufra
662 2455 804 2480 annum
821 2455 888 2480 sue
904 2443 1145 2480 admissionis
1161 2443 1234 2480 sub
1251 2455 1349 2491 pena
1366 2444 1399 2491 vj
1412 2444 1436 2480 li
1455 2444 1628 2491 ponenda
1645 2444 1683 2480 in
1701 2445 1877 2482 manibus

427 2507 709 2551 procuratorum
725 2505 815 2538 ante
831 2502 912 2538 eius
928 2502 1197 2538 admissionem
1218 2502 1382 2539 sufficiat
1398 2502 1431 2539 ei
1450 2505 1530 2538 tam
1547 2502 1594 2539 ad
1611 2503 1875 2550 opponendum

426 2573 540 2609 quani
569 2560 616 2597 ud
640 2560 859 2598 intrandum
887 2561 924 2597 in
949 2573 1056 2598 sacra
1085 2561 1272 2609 theologia
1324 2562 1566 2598 Presentatus
1592 2573 1657 2609 per
1681 2561 1872 2599 doctorem

427 2620 616 2667 Whitgyst
632 2625 672 2656 et
687 2619 876 2656 admissus
893 2623 939 2656 28
958 2620 1048 2656 Maii
1100 2622 1374 2668 (respectuatur
1390 2622 1522 2668 marq.)

333 2681 472 2717 Endon»
489 2680 610 2727 gratia
626 2678 844 2716 conceditur
859 2679 988 2716 eodem
1007 2680 1187 2726 magistro
1203 2680 1261 2716 Jo.
1279 2680 1425 2728 Lynsey
1439 2691 1525 2716 cuni
1542 2679 1668 2716 studio
1683 2680 1745 2728 viij
1760 2692 1874 2717 anno-

426 2750 507 2775 rum
526 2742 564 2774 ct
581 2737 653 2774 nub
669 2738 842 2775 mixtione
863 2751 882 2774 c
893 2752 912 2774 n
968 2739 1162 2785 (forisfecit
1184 2743 1223 2775 et
1239 2739 1351 2775 solvit
1369 2740 1501 2787 marg.)
1554 2739 1793 2776 Presentatus
1810 2752 1876 2788 per

423 2797 613 2834 doctor-mn
640 2796 882 2843 Longeworth
905 2800 945 2834 et
966 2797 1155 2834 admissus
1178 2797 1307 2834 eodem

334 2859 428 2895 item
455 2856 633 2903 magistro
660 2855 755 2893 Hen.
782 2855 916 2893 Wuren
948 2859 991 2893 10
1015 2856 1122 2893 Junii
1151 2867 1237 2893 oum
1263 2856 1390 2895 studio
1418 2856 1500 2906 viij⁰
1527 2868 1712 2894 annorum
1740 2860 1779 2894 et
1803 2859 1875 2895 sub
