2046 3224
223 149 443 208 1546-47]
805 161 958 194 onAcn
988 162 1114 194 BOOK
1144 161 1174 193 Δ
1717 153 1770 194 45

661 508 728 551 De
759 507 1007 551 doctoribus
1038 508 1082 550 in
1114 507 1332 564 theologia
1790 511 1815 549 f.
1842 510 1928 549 19a

221 627 267 663 In
293 627 427 674 primis
455 626 672 663 conceditur
701 627 881 673 magistro
911 626 995 673 Byll
1023 626 1166 673 collegii
1192 626 1282 662 Diui
1306 626 1492 662 Johannis
1517 626 1706 673 preposito
1731 630 1773 662 vt

312 685 483 723 studium
505 685 666 722 duorum
687 698 871 722 annorum
895 686 934 721 in
958 685 1145 732 theologia
1169 688 1254 732 post
1276 685 1357 721 eius
1374 685 1572 721 introitum
1596 685 1635 720 in
1659 685 1773 721 libros

313 745 587 782 sententiarum
611 757 698 781 cum
722 744 870 782 duobus
894 744 1130 781 sermonibus
1155 756 1228 780 vno
1256 744 1304 781 ad
1333 745 1474 781 clerum
1503 745 1773 781 examinatorio

313 807 402 840 ante
423 805 504 841 eius
526 804 792 841 admissionem
815 804 933 840 altero
955 804 1003 840 ad
1026 816 1173 840 crucem
1199 804 1304 841 Pauli
1328 805 1490 840 sufficiat
1514 805 1548 840 ei
1570 804 1618 841 ad
1642 805 1772 852 incipi-

314 864 452 901 endum
478 864 517 900 in
542 864 672 900 eadem
697 864 877 900 facultate

222 923 319 960 Item
351 923 567 960 conceditur
592 923 714 960 eidem
744 926 786 959 vt
818 935 940 959 sermo
973 922 1020 959 ad
1050 922 1191 959 clerum
1219 922 1267 958 ad
1296 935 1409 970 quem
1443 925 1595 959 tenetur
1626 923 1773 959 racione

312 982 449 1030 gradus
474 982 804 1019 bacchalaureatus
829 982 969 1018 differri
995 982 1115 1029 possit
1165 982 1226 1018 Ita
1248 982 1349 1029 quod
1373 983 1439 1018 fiat
1456 983 1537 1018 siue
1555 983 1592 1018 in
1612 983 1774 1019 termino

317 1041 398 1077 siue
414 1046 520 1078 extra
536 1041 741 1078 terminum
759 1041 854 1076 citra
871 1041 1009 1077 festum
1029 1040 1169 1076 Pasche

223 1100 321 1136 Item
347 1100 565 1137 conceditur
589 1100 768 1147 magistro
795 1100 957 1147 Brygges
982 1104 1024 1135 vt
1048 1099 1217 1135 studium
1244 1100 1361 1135 trium
1386 1111 1571 1135 annorum
1602 1100 1640 1136 in
1670 1112 1775 1136 sacra

313 1158 499 1206 theologia
530 1161 616 1206 post
648 1158 730 1194 eius
759 1157 957 1193 introitum
985 1157 1023 1193 in
1053 1156 1168 1192 libros
1200 1158 1476 1193 sententiarum
1509 1170 1596 1194 cum
1629 1157 1775 1194 duobus

313 1215 548 1252 sermonibus
575 1227 648 1252 vno
675 1215 723 1252 ad
749 1215 889 1252 clerum
918 1215 1038 1251 altero
1065 1214 1113 1251 ad
1143 1226 1291 1251 crucem
1327 1215 1431 1251 Pauli
1466 1216 1628 1251 sufficiat
1660 1216 1694 1252 ei
1726 1215 1774 1252 ad

314 1274 570 1322 incipiendum
595 1274 634 1310 in
659 1273 789 1310 eadem
814 1273 995 1309 facultate

220 1333 318 1370 Item
341 1333 560 1370 conceditur
579 1332 759 1379 magistro
781 1332 896 1368 Skott
918 1335 961 1368 vt
984 1331 1155 1368 studium
1176 1332 1294 1368 trium
1316 1344 1502 1369 annorum
1526 1334 1565 1369 in
1590 1333 1775 1381 theologia

313 1396 400 1440 post
415 1393 497 1430 eius
513 1393 712 1429 introitum
736 1392 775 1428 in
792 1391 922 1428 eadem
945 1403 1033 1428 cum
1055 1391 1203 1428 duobus
1223 1391 1460 1428 sermonibus
1478 1405 1550 1429 vno
1567 1393 1614 1429 ad
1632 1393 1773 1430 clerum

315 1452 585 1488 examinatorio
606 1454 695 1488 ante
712 1452 793 1488 eius
815 1450 1081 1487 admissionem
1103 1450 1223 1487 altero
1245 1450 1292 1487 ad
1315 1462 1463 1488 crucem
1489 1452 1594 1488 Pauli
1612 1452 1775 1488 sufficiat

313 1511 347 1548 ei
364 1511 412 1548 ad
430 1510 686 1559 incipiendum
704 1510 743 1546 in
761 1521 867 1546 sacra
883 1508 1070 1556 theologia

221 1571 319 1607 Item
336 1569 553 1607 conceditur
571 1569 692 1606 eidem
715 1573 758 1606 vt
778 1569 898 1616 possit
920 1568 1100 1606 hodierno
1123 1569 1182 1605 die
1204 1569 1358 1606 admitti
1381 1569 1429 1606 ad
1453 1570 1709 1618 incipiendum
1733 1570 1772 1607 in

313 1640 419 1664 sacra
446 1628 632 1674 theologia
661 1639 735 1664 non
765 1627 941 1663 obstante
969 1626 1070 1675 quod
1100 1639 1175 1663 non
1204 1628 1449 1664 concionatus
1477 1634 1535 1664 est
1563 1640 1772 1665 sermonem

313 1699 426 1723 suum
447 1686 760 1723 examinatorium
782 1698 895 1733 quem
917 1686 1206 1722 concionaturus
1227 1690 1286 1722 est
1308 1686 1406 1722 infra
1422 1690 1586 1733 quatuor
1601 1687 1682 1723 dies
1701 1687 1773 1724 sub

314 1757 411 1793 pena
432 1745 621 1782 caucionis
648 1745 759 1780 realis
783 1744 834 1780 xl·
856 1743 1025 1791 ponende
1048 1744 1087 1780 in
1113 1744 1288 1780 manibus
1314 1744 1458 1781 domini
1482 1746 1771 1782 vicecancellarii

313 1809 403 1840 ante
434 1803 515 1840 eius
547 1802 812 1840 admissionem
845 1806 971 1850 preter
1011 1802 1119 1839 illum
1152 1815 1363 1839 sermonem
1395 1803 1444 1839 ad
1476 1816 1589 1852 quem
1622 1808 1773 1841 tenetur

313 1863 461 1900 racione
488 1862 626 1910 gradus
654 1861 987 1899 bacchalaureatus
1019 1862 1059 1899 in
1092 1862 1278 1910 theologia
1307 1876 1420 1911 quem
1453 1865 1569 1901 etiam
1601 1865 1772 1902 dicturus

312 1928 371 1960 est
394 1923 490 1959 citra
513 1922 706 1958 commitia
730 1922 901 1970 proxima

220 1983 319 2020 Item
335 1981 551 2019 conceditur
566 1981 688 2018 eidem
709 1981 891 2028 superiori
908 1980 968 2017 die
986 1980 1151 2017 admisso
1168 1986 1210 2016 vt
1226 1981 1354 2017 concio
1372 1981 1578 2030 theologica
1593 1983 1641 2019 ad
1658 1995 1771 2030 quem

315 2042 396 2088 (sic)
422 2044 575 2078 tenetur
598 2041 746 2078 racione
774 2041 912 2088 gradus
938 2040 1269 2078 bacchalaureatus
1292 2042 1458 2089 suscepti
1487 2042 1627 2079 differri
1652 2044 1772 2091 possit

314 2101 367 2137 sic
391 2100 491 2148 quod
517 2100 584 2136 fiat
608 2101 648 2136 in
672 2101 796 2148 prima
819 2100 1006 2137 dominica
1031 2100 1218 2137 aduentus
1243 2101 1324 2137 sine
1348 2101 1514 2138 vlteriori
1538 2102 1721 2139 dilacione

220 2161 318 2197 Item
341 2160 559 2197 conceditur
580 2161 759 2207 magistro
781 2161 884 2208 Ayre
906 2164 949 2196 vt
973 2160 1142 2197 studium
1169 2162 1287 2197 trium
1311 2173 1497 2197 annorum
1522 2162 1561 2198 in
1585 2163 1772 2210 theologia

314 2222 400 2267 post
423 2219 503 2255 eius
527 2219 727 2255 introitum
750 2219 789 2255 in
814 2219 930 2255 libros
951 2220 1228 2256 sentenciarum
1253 2232 1340 2256 cum
1365 2220 1512 2257 duobus
1536 2222 1771 2259 sermonibus

313 2289 387 2314 vno
418 2277 466 2314 ad
495 2278 635 2314 clerum
667 2278 936 2315 examinatorio
969 2282 1058 2315 ante
1090 2277 1357 2315 admissionem
1393 2279 1512 2315 altero
1543 2280 1590 2317 ad
1623 2293 1770 2318 crucem

316 2337 422 2373 Pauli
443 2337 606 2373 sufficiat
627 2338 661 2373 ei
685 2337 734 2373 ad
753 2337 1010 2384 incipiendum
1033 2337 1071 2373 in
1095 2337 1225 2373 eadem
1248 2337 1428 2374 facultate

221 2395 363 2432 Eadem
389 2396 510 2443 gratia
533 2395 580 2432 de
605 2396 718 2432 verbo
742 2397 781 2433 in
807 2396 963 2433 verbum
987 2396 1205 2433 conceditur
1229 2397 1409 2443 magistro
1433 2398 1560 2444 Tonge

220 2455 318 2491 Item
343 2454 559 2490 conceditur
579 2454 734 2491 eiisdem
758 2458 799 2491 vt
823 2454 977 2491 admitti
1000 2455 1147 2501 possint
1168 2454 1217 2490 ad
1243 2455 1426 2502 placitum
1449 2456 1530 2492 siue
1546 2457 1584 2492 in
1609 2458 1770 2494 termino

313 2513 394 2549 siue
424 2516 530 2549 extra
562 2513 767 2549 terminum
799 2512 1098 2560 quandocunque
1130 2525 1196 2561 per
1230 2513 1343 2560 Regie
1377 2515 1586 2553 maiestatis
1619 2518 1770 2563 negocia

313 2570 452 2619 quibus
483 2583 584 2607 nunc
611 2571 707 2608 serio
734 2571 954 2608 detinentur
981 2571 1092 2608 liceat
1120 2572 1246 2608 venire
1275 2572 1369 2608 citra
1401 2572 1541 2610 festum
1574 2574 1770 2611 Michaelis

313 2630 525 2677 proximum
557 2632 597 2666 et
622 2633 665 2667 vt
697 2642 826 2667 eorum
853 2630 1033 2667 admissio
1065 2633 1142 2667 stet
1167 2631 1221 2667 eis
1254 2643 1322 2679 pro
1353 2633 1549 2679 completis
1580 2634 1697 2680 gradu
1729 2639 1770 2671 et

313 2689 433 2725 forma
456 2688 674 2726 doctoratus
697 2690 737 2726 in
761 2690 891 2726 eadem
914 2690 1095 2726 facultate
1119 2691 1298 2737 quoniam
1322 2690 1369 2727 de
1393 2691 1559 2728 adventu
1583 2705 1652 2729 suo
1674 2694 1769 2730 citra

313 2747 506 2783 commitia
529 2747 624 2784 nihil
649 2748 790 2785 audent
814 2749 979 2796 polliceri

221 2807 320 2843 Item
343 2805 558 2842 conceditur
580 2807 760 2854 magistro
778 2808 915 2844 Ponett
932 2814 974 2844 vt
990 2807 1160 2844 studium
1177 2808 1304 2844 decem
1320 2821 1506 2846 annorum
1527 2811 1566 2846 in
1583 2811 1769 2858 theologia

312 2876 396 2902 cum
427 2877 500 2901 vno
526 2877 695 2903 sermone
723 2865 772 2903 ad
800 2866 941 2903 clerum
968 2866 1140 2904 habendo
1166 2868 1334 2916 proximo
1362 2880 1461 2905 anno
1493 2869 1564 2905 sub
1591 2882 1689 2919 pena
1717 2872 1767 2908 xl·
