2008 3216
316 173 372 215 86
910 178 1062 212 emes
1092 177 1215 211 BOOK
1247 178 1277 210 Δ
1642 164 1864 221 [1552-53

317 286 416 322 Item
433 284 650 322 conceditur
666 285 799 321 Miloni
816 285 1027 332 Blomfylde
1043 287 1086 321 vt
1101 283 1271 320 studium
1284 287 1323 320 et
1339 283 1506 331 practica
1521 285 1666 330 septem
1682 292 1866 318 annorum

410 343 451 379 in
478 343 676 379 medicinis
698 355 774 379 vna
801 355 884 379 cum
913 342 1116 379 anatomiis
1148 345 1188 378 et
1213 341 1474 378 curacionibus
1505 353 1572 389 per
1596 341 1697 387 regia
1723 341 1869 377 statuta

411 401 604 448 requisitis
631 401 820 437 sufficiant
844 401 879 437 ei
904 400 952 437 ad
978 399 1263 448 practicandum
1290 400 1329 436 in
1359 400 1490 437 eadem
1514 399 1693 436 facultate
1741 399 1803 435 Sic
1827 402 1870 434 vt

411 460 492 496 eius
515 459 678 496 eruditio
702 460 808 507 prius
831 459 1062 507 approbetur
1085 470 1152 506 per
1175 458 1346 495 doctores
1371 458 1508 506 Blythe
1531 463 1570 494 et
1594 457 1747 494 Walker

152 777 178 816 f.
202 776 253 814 34
273 777 300 815 b
758 774 1067 818 Bacchalaurei
1098 774 1144 816 in
1176 775 1269 817 iure
1300 774 1420 816 ciuili

319 900 362 935 In
382 899 514 946 primis
530 899 749 936 conceditur
763 898 917 935 domino
933 899 1048 946 Wyer
1064 902 1106 934 vt
1122 898 1290 934 studium
1309 901 1393 934 octo
1412 909 1597 934 annorum
1613 897 1653 934 in
1669 897 1751 934 iure
1766 897 1869 933 ciuili

411 971 498 995 cum
530 959 706 995 omnibus
739 958 925 995 exercitiis
956 958 1150 1005 requisitis
1182 957 1389 994 secundum
1416 957 1576 994 formam
1608 957 1746 994 statuti
1778 957 1869 1003 regii

411 1017 553 1054 habitis
569 1017 628 1054 vel
648 1017 831 1054 habendis
853 1017 1041 1054 sufficiant
1063 1018 1097 1054 ei
1119 1017 1167 1054 ad
1190 1017 1343 1064 plenum
1366 1016 1697 1054 bacchalaureatus
1713 1016 1868 1064 gradum

412 1077 452 1112 in
469 1075 599 1112 eodem
620 1076 707 1122 jure

318 1136 418 1172 Item
450 1134 668 1171 conceditur
695 1134 882 1170 Willelmo
910 1135 1058 1182 Drurye
1085 1138 1126 1170 vt
1151 1133 1321 1170 studium
1345 1137 1491 1182 septem
1515 1145 1700 1170 annorum
1723 1134 1763 1170 in
1783 1133 1870 1182 jure

411 1194 514 1230 ciuili
544 1205 620 1229 vna
643 1205 729 1229 cum
755 1192 1056 1240 oppositionibus
1081 1192 1385 1240 responsionibus
1418 1197 1457 1230 et
1481 1193 1566 1229 aliis
1593 1193 1780 1230 exercitiis
1803 1204 1871 1240 per

411 1254 512 1302 regia
536 1256 684 1290 statuta
708 1253 901 1300 requisitis
925 1254 1115 1290 sufficiant
1139 1254 1172 1290 ei
1197 1253 1246 1290 ad
1270 1253 1490 1290 intrandum
1514 1254 1552 1290 in
1578 1253 1707 1290 eodem
1728 1252 1813 1300 jure

318 1311 461 1348 Eadem
477 1311 600 1358 gratia
615 1311 663 1347 de
678 1310 792 1346 verbo
808 1311 848 1346 in
865 1310 1023 1347 verbum
1040 1310 1257 1347 conceditur
1272 1311 1296 1347 J
1298 1311 1411 1347 oanni
1429 1311 1548 1347 Harte

318 1372 418 1408 Item
434 1371 652 1408 conceditur
663 1371 820 1407 eiisdem
830 1374 873 1407 vt
890 1371 1035 1407 intrent
1051 1370 1117 1407 sed
1133 1383 1177 1408 ea
1193 1371 1272 1418 lege
1288 1375 1331 1407 vt
1346 1371 1542 1418 perficiant
1554 1371 1680 1407 omnia
1693 1371 1869 1407 exercitia

411 1431 568 1467 statutis
594 1430 705 1478 regiis
729 1430 911 1477 requisita
935 1430 1006 1467 sub
1034 1442 1132 1478 pena
1155 1430 1342 1467 cautionis
1371 1429 1415 1466 ΧΠ
1443 1430 1539 1466 citra
1563 1430 1703 1466 festum
1729 1430 1868 1466 natalis

413 1489 567 1525 Domini
593 1489 807 1537 proximum

859 1811 1059 1869 Magistri
1090 1812 1136 1855 in
1166 1811 1334 1855 artibus

320 1939 365 1976 In
383 1938 516 1987 primis
532 1937 749 1974 conceditur
770 1937 794 1974 J
797 1938 910 1974 oanni
934 1936 1104 1974 Redman
1127 1937 1268 1974 artium
1291 1937 1489 1985 professori
1513 1937 1667 1975 Oxoniis
1682 1941 1725 1974 vt
1741 1938 1793 1974 sit
1809 1937 1870 1974 hic

412 1997 512 2045 apud
540 2008 605 2032 vos
634 1996 673 2032 in
698 1995 828 2033 eodem
852 1996 971 2043 gradu
1001 1995 1130 2032 ordine
1154 1999 1194 2032 et
1217 2007 1317 2032 anno
1349 1996 1487 2044 quibus
1513 1997 1636 2034 fuerat
1667 1996 1804 2033 ibidem
1832 2001 1870 2033 et

412 2066 526 2103 super
542 2055 612 2091 hac
629 2055 866 2091 concessione
885 2053 1024 2091 habeat
1041 2054 1169 2091 literas
1190 2054 1372 2102 sigillatas
1396 2055 1517 2102 sigillo
1540 2059 1663 2092 vestro
1679 2055 1870 2092 communi

411 2114 443 2150 si
470 2113 630 2150 voluerit

319 2173 418 2209 Item
443 2172 661 2210 conceditur
683 2171 836 2208 domino
861 2171 1074 2220 Stevynson
1101 2176 1141 2209 vt
1165 2184 1299 2209 novem
1323 2173 1475 2210 termini
1504 2176 1591 2221 post
1615 2173 1764 2210 finalem
1790 2174 1871 2210 eius

412 2231 765 2269 determinationem
799 2230 837 2267 in
871 2229 1010 2278 quibus
1042 2231 1221 2268 lectiones
1256 2232 1464 2270 ordinarias
1495 2232 1643 2270 audiuit
1675 2233 1763 2269 licet
1795 2245 1869 2269 non

413 2291 566 2328 omnino
581 2290 788 2327 secundum
806 2290 965 2327 formam
983 2290 1120 2327 statuti
1137 2302 1223 2327 cum
1246 2291 1545 2339 oppositionibus
1567 2291 1870 2340 responsionibus

413 2356 451 2387 et
470 2348 809 2387 declamationibus
831 2352 870 2386 et
892 2349 978 2386 aliis
999 2349 1186 2386 exercitiis
1210 2361 1277 2398 per
1292 2350 1393 2397 regia
1414 2354 1562 2387 statuta
1585 2350 1776 2398 requisitis
1792 2351 1869 2387 suf-

414 2408 542 2444 ficiant
558 2408 591 2444 ei
609 2407 657 2444 ad
675 2406 930 2455 incipiendum
949 2407 987 2443 in
1004 2406 1152 2444 artibus

318 2466 460 2504 Eadem
478 2467 601 2514 gratia
616 2466 663 2503 de
681 2465 794 2503 verbo
812 2466 850 2502 in
869 2464 1025 2503 verbum
1043 2465 1260 2503 conceditur
1271 2466 1435 2504 dominis
1448 2466 1640 2504 Goodman
1658 2468 1697 2503 et
1712 2466 1870 2503 Newton

319 2525 416 2563 Item
441 2525 660 2563 conceditur
686 2524 839 2562 domino
863 2524 950 2572 May
971 2527 1012 2561 vt
1034 2536 1168 2561 novem
1194 2525 1344 2576 termini
1368 2529 1454 2573 post
1476 2526 1623 2563 finalem
1649 2526 1730 2563 eius
1749 2525 1870 2563 deter-

412 2585 657 2621 minationem
675 2596 760 2621 cum
779 2583 956 2621 omnibus
973 2583 1160 2621 exercitiis
1176 2583 1383 2621 seeundum
1401 2585 1500 2632 regia
1516 2588 1663 2622 statuta
1680 2585 1871 2632 requisitis

410 2644 600 2681 sufficiant
616 2644 648 2681 ei
666 2643 714 2680 ad
733 2643 987 2692 incipiendum
1006 2643 1044 2680 in
1061 2642 1208 2680 artibus

317 2703 459 2741 Eadem
477 2703 599 2752 gratia
615 2702 661 2740 de
679 2701 791 2739 verbo
809 2702 846 2739 in
867 2701 1022 2740 verbum
1039 2702 1258 2741 conceditur
1268 2703 1432 2741 dominis
1445 2703 1593 2752 Thorpe
1609 2708 1648 2741 et
1666 2703 1870 2741 Hei-warde

320 2762 414 2799 item
432 2761 650 2799 conceditur
665 2761 819 2798 domino
838 2761 955 2798 Burre
975 2765 1017 2798 vt
1041 2772 1174 2798 novem
1197 2762 1350 2799 termini
1373 2765 1458 2811 post
1480 2762 1630 2799 finalem
1646 2762 1727 2800 eius
1749 2762 1869 2800 deter-

411 2820 656 2858 minationem
684 2820 722 2856 in
744 2818 884 2868 quibus
909 2819 1087 2858 lectiones
1109 2819 1316 2858 ordinarias
1337 2820 1487 2859 audiuit
1509 2820 1596 2859 licet
1618 2833 1693 2859 non
1716 2821 1869 2859 omnino

409 2878 614 2917 secundum
635 2879 792 2915 formam
815 2878 953 2916 statuti
979 2890 1051 2916 vna
1073 2890 1159 2916 eum
1182 2878 1481 2927 oppositionibus
1503 2879 1807 2928 responsionibus
1829 2883 1868 2917 et
