2046 3224
186 173 404 230 1548-49]
765 184 916 216 GRAcn
947 183 1070 214 BOOK
1102 183 1131 214 Δ
1673 173 1726 214 61

185 285 283 323 Item
300 287 516 324 conceditur
537 288 717 334 magistro
735 287 924 323 Bemonde
940 292 982 322 vt
1005 286 1174 323 studium
1197 298 1261 322 sex
1285 297 1469 322 annorum
1490 286 1528 321 in
1546 285 1733 332 theologia

277 347 478 392 postquam
502 346 639 382 rexerit
663 346 702 382 in
724 344 871 382 artibus
893 357 967 381 vna
989 356 1076 380 cum
1100 344 1340 392 responsione
1363 348 1403 380 et
1424 343 1572 380 duobus
1595 355 1731 380 sermo-

279 402 391 439 nibus
412 414 486 439 vno
509 402 557 439 ad
580 403 720 439 clerum
743 403 862 439 altero
883 402 931 439 ad
956 414 1104 439 crucem
1127 403 1235 439 Pauli
1259 402 1332 439 sub
1355 414 1452 450 pena
1473 402 1660 439 caucionis
1682 402 1733 438 xl·

278 461 448 509 ponende
476 462 515 498 in
545 461 720 499 manibus
748 465 1032 510 procuratorum
1063 461 1227 499 sufficiat
1258 462 1292 498 ei
1324 461 1374 499 ad
1402 461 1665 509 opponendum
1693 464 1733 497 et

278 520 496 558 intrandum
526 522 565 557 in
594 521 779 568 theologia
827 522 879 558 Et
907 524 949 558 vt
978 522 1097 568 possit
1124 521 1277 558 admitti
1306 521 1354 558 ad
1382 521 1563 568 placitum
1588 521 1669 556 siue
1694 521 1733 556 in

278 580 440 616 termino
468 580 549 616 siue
577 584 683 617 extra
710 581 916 617 terminum
948 583 1039 616 ante
1067 581 1207 617 festum
1242 579 1436 616 Michaelis
1487 580 1547 616 Ita
1574 583 1616 616 vt
1647 591 1733 615 con-

279 640 430 676 viuetur

174 698 284 748 ‚Item
313 699 530 735 conceditur
561 699 740 746 magistro
770 699 903 735 Donell
935 701 978 735 vt
1009 698 1179 735 studium
1209 702 1231 734 5
1258 710 1443 734 annorum
1476 699 1515 735 in
1549 698 1735 745 theologia

278 760 479 805 postquam
500 758 638 794 rexerit
660 758 699 794 in
722 758 868 794 artibus
891 770 976 794 cum
999 756 1147 794 duobus
1171 756 1407 794 sermonibus
1428 770 1502 793 vno
1523 757 1571 794 ad
1593 757 1733 794 clerum

278 816 397 852 altero
421 816 468 853 ad
492 828 639 852 crucem
672 816 777 852 Pauli
802 820 842 852 et
865 827 951 851 cum
977 827 1051 851 vna
1075 816 1312 862 responsione
1340 828 1439 852 anno
1467 816 1636 863 proximo
1663 815 1736 851 sub

279 887 376 922 pena
391 875 579 911 caucionis
595 875 705 910 realis
723 875 772 911 xl·
788 874 957 922 ponende
975 875 1013 910 in
1031 874 1206 910 manibus
1222 878 1504 922 procuratorum
1530 879 1735 922 antequam

279 934 506 971 admittatur
521 934 682 970 sufficiat
699 934 732 970 ei
755 937 834 970 tam
851 934 899 970 ad
916 934 1181 982 opponendum
1199 946 1314 981 quam
1333 934 1551 970 intrandum
1574 935 1613 970 in
1631 934 1734 970 theo-

280 993 376 1041 logia

187 1052 285 1089 Item
302 1051 519 1089 conceditur
536 1052 714 1099 magistro
731 1052 909 1088 Grendall
932 1052 1067 1089 seniori
1091 1052 1321 1099 procuratori
1343 1056 1386 1087 vt
1402 1051 1571 1088 studium
1590 1055 1735 1099 septem

280 1123 463 1148 annorum
488 1111 527 1147 in
553 1111 739 1158 theologia
760 1114 962 1158 postquam
987 1111 1124 1147 rexerit
1147 1111 1186 1147 in
1209 1110 1355 1147 artibus
1378 1123 1463 1147 cum
1489 1110 1636 1147 duobus
1660 1122 1736 1146 ser·

281 1170 456 1208 monibus
472 1183 545 1207 vno
557 1170 605 1207 ad
622 1171 763 1207 clerum
777 1171 893 1206 altero
905 1170 953 1207 ad
971 1183 1118 1207 crucem
1136 1171 1242 1206 Pauli
1256 1174 1295 1207 et
1311 1182 1397 1207 cum
1412 1183 1485 1206 vna
1498 1170 1736 1218 responsione

282 1228 451 1276 proximo
463 1240 562 1264 anno
575 1228 647 1264 sub
663 1239 761 1275 pena
777 1228 965 1264 cauciouis
982 1228 1092 1264 realis
1110 1228 1159 1263 xl·
1171 1227 1341 1275 ponende
1358 1228 1397 1263 in
1415 1227 1590 1263 manibus
1606 1239 1735 1274 procu·

281 1291 448 1324 ratorum
472 1291 677 1334 antequam
699 1286 926 1323 admittatur
941 1287 1102 1323 sufficiat
1118 1287 1152 1322 ei
1175 1291 1255 1322 tam
1277 1286 1324 1322 ad
1341 1286 1604 1334 opponendum
1621 1298 1736 1333 quam

281 1345 500 1383 intrandum
532 1346 572 1382 in
604 1358 709 1382 sacra
741 1346 927 1393 theologia
958 1346 1006 1382 ad
1045 1345 1225 1393 placitum
1259 1346 1354 1381 citra
1395 1346 1533 1381 festum
1566 1346 1736 1381 omnium

281 1409 496 1442 sanctorum
516 1406 727 1453 proximum
777 1405 828 1441 Et
845 1409 887 1440 vt
902 1404 1123 1440 conviuetur
1139 1416 1225 1440 cum
1242 1405 1376 1440 ceteris
1393 1405 1505 1440 huius
1521 1404 1610 1440 anni
1634 1404 1735 1440 theo-

282 1465 376 1511 logie
393 1463 669 1500 bacchalaureis

190 1523 288 1560 Item
305 1523 522 1560 conceditur
538 1523 717 1570 magistro
735 1523 875 1570 Maptit
894 1526 934 1558 vt
951 1522 1119 1558 studium
1139 1526 1158 1560 7
1175 1534 1360 1558 annorum
1379 1523 1417 1558 in
1434 1522 1620 1569 theologia
1636 1526 1737 1570 post·

281 1594 397 1630 quam
412 1583 550 1620 rexerit
572 1583 611 1619 in
628 1582 773 1618 artibus
789 1594 875 1618 cum
892 1581 1039 1618 duobus
1055 1581 1290 1618 sermonibus
1307 1594 1380 1617 vno
1396 1581 1444 1618 ad
1461 1582 1601 1618 clerum
1620 1582 1738 1617 altero

282 1642 330 1679 ad
355 1653 501 1678 crucem
532 1641 638 1678 Pauli
664 1645 704 1677 et
732 1652 818 1676 cum
851 1652 925 1676 vna
957 1640 1195 1687 responsione
1221 1652 1320 1676 anno
1348 1640 1516 1686 proximo
1544 1640 1616 1676 sub
1643 1652 1739 1687 pena

283 1701 470 1738 caucionis
494 1700 604 1736 realis
626 1700 676 1736 xl·
693 1699 863 1746 ponende
887 1700 926 1735 in
950 1697 1125 1734 manibus
1146 1703 1430 1746 procuratorum
1450 1706 1653 1746 antequam
1674 1699 1736 1734 ad-

283 1761 461 1797 mittatur
476 1759 638 1795 sufficiat
649 1759 683 1795 ei
701 1762 781 1794 tam
797 1757 845 1794 ad
862 1756 1126 1805 opponendum
1140 1769 1255 1804 quam
1268 1757 1487 1793 intrandum
1501 1758 1540 1794 in
1553 1758 1739 1804 theologia

285 1820 346 1856 Sic
362 1818 462 1866 quod
478 1818 705 1855 admittatur
721 1817 768 1854 ad
786 1818 966 1865 placitum
984 1817 1065 1852 siue
1082 1817 1121 1852 in
1138 1817 1300 1852 termino
1316 1816 1396 1852 siue
1413 1820 1517 1852 extra
1534 1817 1739 1853 terminum

283 1879 379 1915 citra
394 1878 534 1914 festum
551 1877 745 1913 Michaelis
761 1876 973 1924 proximum

190 1937 332 1975 Eadem
347 1937 469 1984 gratia
484 1936 531 1973 de
543 1935 656 1973 verbo
672 1936 711 1972 in
725 1935 880 1972 verbum
897 1934 1114 1971 conceditur
1130 1934 1320 1981 magistris
1333 1935 1455 1971 Omne
1468 1937 1507 1971 et
1520 1935 1738 1982 Thompson

283 1994 366 2032 aule
383 1994 491 2031 Clare

858 2141 1068 2184 Doctores
1743 2131 1767 2176 f
1774 2179 1784 2189 .
1809 2150 1860 2189 25
1880 2148 1908 2189 b

192 2261 239 2298 In
261 2261 393 2309 primis
417 2260 634 2298 conceditur
655 2261 835 2308 magistro
854 2260 1016 2297 Haddon
1035 2265 1076 2297 vt
1098 2260 1267 2297 studium
1285 2265 1369 2296 octo
1390 2272 1576 2296 annorum
1599 2262 1638 2297 in
1660 2262 1739 2308 jure

285 2319 387 2356 ciuili
419 2323 620 2368 postquam
652 2321 788 2356 rexerit
820 2320 859 2357 in
891 2320 1039 2357 artibus
1071 2320 1234 2356 sufficiat
1261 2320 1295 2356 ei
1328 2320 1376 2356 ad
1410 2320 1666 2367 incipiendum
1700 2322 1739 2357 in

285 2377 415 2415 eodem
439 2378 520 2415 iure

814 2578 869 2621 In
900 2578 1118 2636 theologia

195 2699 294 2737 Item
322 2699 539 2736 conceditur
566 2699 746 2746 magistro
775 2698 918 2735 Sandes
945 2699 1042 2735 Aule
1072 2699 1255 2736 Katerine
1283 2690 1474 2748 preposito
1500 2705 1542 2738 vt
1570 2702 1740 2739 studium

288 2762 451 2807 quatuor
476 2770 661 2795 annorum
683 2759 723 2794 in
745 2758 930 2805 theologia
950 2761 1036 2805 post
1057 2759 1214 2805 gradum
1239 2758 1569 2796 bacchalaureatus
1593 2763 1739 2809 suscep-

288 2821 372 2853 tum
400 2828 476 2852 vna
502 2828 590 2852 cum
618 2815 741 2852 tribus
769 2815 1004 2852 sermonibus
1032 2828 1106 2852 vno
1136 2817 1198 2853 hic
1225 2817 1327 2864 apud
1357 2830 1422 2854 vos
1454 2819 1493 2854 in
1526 2819 1741 2856 achademie

289 2875 430 2923 templo
457 2875 584 2922 lingua
613 2875 812 2912 vernacula
840 2878 929 2911 ante
956 2875 1037 2912 eius
1065 2875 1332 2914 admissionem
1359 2877 1518 2915 dicendo
1545 2868 1663 2916 altero
1693 2880 1741 2916 ad
