2008 3216
167 171 395 225 1563-64]
747 180 899 211 ausos
929 179 1053 210 ΒοοΚ
1084 179 1114 210 Δ
1631 171 1711 211 183

259 288 299 322 et
330 286 566 322 examinetur
591 298 658 333 per
689 286 784 322 duos
814 285 985 322 doctores
1016 285 1184 320 eiusdem
1216 284 1409 320 facultatis
1435 287 1474 319 et
1501 296 1568 330 per
1596 296 1710 319 vuum

258 356 386 380 eorum
418 347 657 392 presentetur
689 349 727 381 et
755 356 868 391 super
898 344 968 380 hac
997 346 1123 380 vestra
1154 343 1391 379 concessione
1418 343 1547 378 literas
1574 343 1712 378 habeat

257 403 439 450 sigillatas
468 404 588 450 sigillo
615 407 740 440 vestro
765 403 955 440 communi
1005 403 1248 439 Presentatus
1272 401 1402 438 eodem
1427 413 1494 448 per
1521 401 1708 437 doctorem

257 462 409 499 Walker

162 566 388 603 Conceditur
419 568 550 615 xxviij⁰
578 568 722 615 Aprilis
749 567 954 604 reuerendo
982 568 1021 604 in
1051 567 1203 604 Christo
1232 567 1331 615 patri
1361 565 1562 603 Edmundo
1591 567 1707 602 Petri·
1726 562 1751 600 f.
1776 562 1825 600 79
1847 563 1871 599 b

257 625 431 672 burgensi
453 626 626 673 episcopo
643 630 686 662 vt
702 626 872 663 studium
895 627 944 673 xij
969 638 1153 662 annorum
1177 626 1216 662 in
1239 626 1426 673 theologia
1444 628 1531 674 post
1549 625 1707 672 gradum

257 684 491 721 bachalaurei
517 685 556 720 in
582 685 714 721 eadem
740 686 922 721 facultate
950 688 1168 732 susceptum
1190 697 1277 721 cum
1303 685 1451 721 duobus
1472 684 1709 721 sermonibus

255 754 328 780 vno
351 742 400 779 ad
422 743 562 780 clerum
579 743 698 779 altero
721 744 770 780 ad
792 755 940 780 crucem
962 743 1067 779 Pauli
1096 743 1332 790 perficiendis
1348 743 1447 780 infra
1463 755 1605 780 annum
1622 747 1708 791 post

254 802 335 838 eius
351 801 616 838 admissionem
634 801 705 838 sub
721 813 818 849 pena
835 801 894 848 vj¹¹
910 802 1169 850 ponendarum
1182 803 1222 838 in
1235 802 1411 838 manibus
1422 806 1706 850 procuratorum

254 862 342 896 ante
358 860 439 896 eius
454 859 722 896 admissionem
740 860 902 896 sufficiat
924 860 959 895 ei
980 859 1029 896 ad
1052 859 1308 907 incipiendum
1332 861 1371 896 in
1393 872 1500 897 sacra
1520 861 1707 907 theologia

255 919 310 954 ita
336 921 378 954 vt
404 919 524 965 possit
549 918 702 954 admitti
728 918 776 954 ad
802 918 984 965 placitum
1013 930 1037 954 a
1063 918 1216 955 domino
1242 918 1531 965 procancellario
1554 919 1634 955 sive
1658 919 1706 955 ab

255 977 382 1024 aliquo
397 977 547 1013 doctore
564 977 603 1012 in
619 977 750 1014 eadem
766 976 948 1013 facultate
964 976 1013 1012 ab
1029 988 1073 1012 eo
1085 976 1296 1013 substituto
1309 977 1440 1013 sivein
1453 977 1615 1013 termino
1627 977 1706 1012 sive

174 1060 177 1061 γ
253 1038 359 1072 extra
380 1035 585 1071 terminum
607 1035 666 1070 sic
683 1038 727 1071 ut
747 1035 828 1071 eius
850 1035 1030 1071 admissio
1051 1038 1128 1070 stet
1152 1035 1186 1070 ei
1211 1047 1279 1082 pro
1303 1035 1501 1083 completis
1524 1035 1643 1082 gradu
1667 1039 1706 1071 et

254 1095 375 1131 forma
390 1094 446 1130 ita
455 1098 583 1130 tamen
596 1098 638 1131 vt
648 1095 856 1131 satisfaciat
869 1095 1056 1131 officiariis
1067 1095 1325 1141 (concionatus
1336 1098 1395 1131 est
1407 1106 1474 1142 per
1484 1095 1705 1141 magistrum

256 1153 362 1189 Hues
378 1155 400 1188 8
418 1153 505 1189 Dec.
523 1153 654 1201 mary.)

349 1210 550 1248 Admissus
580 1210 799 1258 Petriburgo
830 1217 870 1246 x⁰
901 1210 1076 1248 Octobris
1103 1214 1194 1248 1564
1227 1223 1294 1259 per
1324 1211 1537 1248 Johannem
1571 1212 1707 1248 Stokes

441 1282 545 1307 sacre
572 1270 756 1317 theologie
784 1270 1032 1317 professorem
1064 1271 1104 1307 in
1138 1270 1328 1318 presentia
1356 1270 1415 1307 Jo.
1446 1270 1705 1318 Mownstevyn

442 1329 581 1376 publici
599 1329 736 1366 notarii
755 1329 927 1365 Nicholai
947 1329 1098 1377 Murrey
1115 1329 1350 1377 prebendarii
1364 1329 1542 1366 willelmi
1562 1330 1707 1366 Bruker

443 1387 593 1424 Ricardi
611 1387 739 1435 Minya
757 1387 946 1435 Radulphi
964 1388 1062 1424 Bent
1078 1388 1296 1424 clericorum
1312 1391 1382 1425 etc.
