2008 3216
152 179 371 235 1563-64]
732 192 885 223 GRAcn
914 191 1038 222 BOOK
1070 191 1099 222 Δ
1337 155 1339 157 ¹
1611 181 1692 224 179

149 294 260 330 Mem.
278 295 379 342 quod
396 295 588 342 predictus
604 307 679 331 non
697 299 754 331 est
770 295 959 331 admissus
980 294 1181 330 actualiter
1202 294 1268 330 sed
1290 298 1349 330 est
1371 294 1432 330 die
1454 295 1692 332 comitiorum

241 353 487 400 inauguratus
503 366 589 390 cum
607 354 761 400 reliquis
777 353 995 389 doctoribus

147 411 374 448 Conceditur
395 412 476 459 iijtio
494 413 624 448 Martii
642 412 821 459 magistro
839 412 995 458 Rogerio
1013 412 1133 448 Kelke
1151 415 1193 448 vt
1209 412 1380 448 studium
1397 416 1561 459 quatuor
1576 425 1690 449 anno-

239 482 324 506 rum
340 470 379 507 in
400 471 586 518 theologia
605 474 691 518 post
712 470 870 517 gradum
891 470 1125 506 bachalaurei
1149 470 1187 506 in
1211 471 1341 506 eadem
1363 474 1582 518 susceptum
1602 483 1690 508 cum

238 528 537 576 oppositionibus
553 528 857 576 responsionibus
874 528 1108 565 sermonibus
1120 532 1160 565 et
1171 529 1255 565 aliis
1267 529 1454 566 exercitiis
1466 542 1532 576 per
1543 532 1691 566 statuta

239 587 339 633 regia
364 587 555 634 requisitis
580 587 741 623 sufficiat
765 587 799 623 ei
824 587 872 623 ad
897 587 1153 634 incipiendum
1175 587 1215 623 in
1235 600 1341 624 sacra
1360 588 1547 635 theologia
1571 590 1624 625 sic
1647 594 1689 626 vt

237 657 360 681 sermo
385 646 466 681 eius
491 645 539 681 ad
565 645 705 681 clerum
731 650 932 693 peragatur
959 646 1058 682 infra
1085 657 1228 682 annum
1253 646 1493 682 admissionis
1521 659 1588 683 sue
1617 647 1689 683 sub

238 715 335 750 pena
359 704 424 740 xls
449 703 621 751 ponenda
645 704 684 740 in
708 704 882 740 manibus
903 707 1187 751 procuratorum
1209 708 1298 741 ante
1320 705 1400 741 eius
1422 706 1686 742 admissionem

177 759 181 763 ’
237 765 276 798 et
299 762 507 798 satisfaciat
532 762 718 798 officiariis
743 766 781 798 et
805 763 1025 798 convivetur
1042 763 1199 809 (peregit
1216 765 1239 799 9
1257 763 1431 800 Octobris
1447 765 1579 811 marq.)

142 820 369 857 Conceditur
387 824 429 858 15
447 816 577 857 Martii
594 822 773 868 magistro
789 822 847 859 Jo.
867 822 978 869 Maye
997 825 1040 858 vt
1061 822 1231 858 studium
1254 826 1417 869 quatuor
1438 835 1622 860 annorum
1646 824 1685 860 in

234 881 420 927 theologia
436 884 522 928 post
539 881 696 927 gradum
714 881 949 917 bachalaurei
973 882 1012 917 in
1035 881 1164 918 eadem
1188 886 1407 928 susceptum
1430 894 1515 918 cum
1539 884 1685 930 opposi-

233 939 401 975 tionibus
420 942 490 976 etc.
513 940 749 987 perficiendis
768 940 867 976 infra
889 952 1031 976 annum
1053 952 1119 976 sue
1139 940 1380 976 admissionis
1396 941 1468 977 sub
1485 953 1581 988 pena
1599 942 1686 989 viijfl

232 998 404 1044 ponenda
420 1002 489 1035 etc.
508 999 671 1035 sufficiat
689 999 722 1035 ei
750 999 798 1035 ad
822 999 1077 1046 incipiendum
1102 999 1142 1035 in
1167 1011 1273 1035 sacra
1294 999 1481 1046 theologia
1531 1000 1684 1036 Presen-

232 1059 336 1093 tatus
354 1060 375 1093 2
392 1057 415 1093 J
419 1058 486 1094 ulii
503 1070 570 1105 per
585 1058 776 1094 doctorem
795 1058 911 1094 Perne

137 1113 364 1151 Conceditur
380 1115 513 1151 vltimo
531 1116 623 1151 Maii
641 1116 820 1162 magistro
843 1115 901 1153 Jo.
927 1115 1058 1151 Ebden
1081 1119 1122 1152 vt
1145 1116 1315 1152 studium
1338 1116 1472 1163 xiiijcim
1496 1129 1680 1154 annorum

230 1174 268 1210 in
286 1174 471 1222 theologia
488 1178 687 1223 postquam
706 1175 842 1211 rexerit
860 1175 899 1210 in
916 1174 1063 1210 artibus
1080 1187 1166 1210 cum
1184 1175 1484 1222 oppositionibus
1506 1180 1575 1212 cte.
1601 1189 1680 1224 per-

230 1233 398 1281 ficiendis
426 1234 524 1270 infra
551 1246 695 1271 annum
728 1247 794 1271 sue
818 1234 1059 1270 admissionis
1083 1234 1155 1270 sub
1179 1246 1277 1281 pena
1301 1234 1389 1282 viijss
1414 1236 1586 1282 ponenda
1610 1240 1680 1274 etc.

229 1291 390 1327 sufficiat
402 1291 494 1328 eiad
507 1292 760 1340 incipiendum
773 1293 811 1328 in
822 1304 928 1328 sacra
936 1292 1122 1339 theologia
1157 1293 1399 1329 Presentatus
1413 1305 1479 1340 per
1490 1293 1680 1331 doctorem

230 1350 348 1386 Perne
372 1350 434 1398 ijd⁰
458 1350 480 1386 J
486 1350 551 1387 ulii
569 1350 699 1396 (solvit
715 1351 847 1398 marq.)

133 1455 359 1492 Conceditur
375 1457 508 1493 vltimo
526 1458 616 1494 Maii
631 1458 810 1505 magistro
823 1457 935 1494 Coole
947 1457 1216 1494 archideacono
1230 1458 1441 1494 Essexiensi
1454 1461 1496 1493 vt
1509 1458 1677 1494 studium
1696 1457 1723 1495 ἱ.
1748 1456 1797 1497 77
1818 1459 1844 1496 b

227 1515 362 1562 xiiij0¹¹=¹
383 1527 567 1553 annorum
590 1518 630 1554 in
650 1518 836 1564 theologia
857 1522 1060 1565 postquam
1083 1518 1221 1553 rexerit
1244 1517 1399 1553 Oxoniis
1419 1529 1504 1553 cum
1531 1518 1678 1564 opposi-

226 1574 394 1611 tionibus
410 1576 714 1623 responsionibus
730 1579 800 1613 etc.
820 1577 1054 1623 perficiendis
1071 1577 1169 1612 infra
1188 1589 1331 1612 annum
1353 1576 1592 1612 admissionis
1613 1589 1679 1612 sue

226 1633 297 1670 sub
312 1645 409 1681 pena
425 1633 469 1670 ΧΠ
486 1634 742 1681 ponendarum
764 1635 803 1670 in
826 1635 1002 1672 manibus
1024 1640 1309 1682 procuratorum
1329 1639 1418 1672 ante
1441 1636 1522 1672 eius
1541 1635 1678 1671 admis-

225 1692 367 1728 sionem
384 1692 547 1728 sufficiat
562 1692 596 1728 ei
613 1692 661 1729 ad
679 1686 933 1740 incipiendum
952 1694 991 1729 in
1009 1705 1115 1730 sacra
1132 1694 1328 1740 theologia·

693 1888 810 1931 Ordo
842 1888 1118 1939 Senioritatis

225 1998 287 2034 Mr
303 1998 358 2034 Dr
374 1997 586 2034 Beamount
775 1998 838 2034 Mr
856 1998 910 2034 Dr
929 1999 1050 2035 Kelke
1251 2000 1312 2035 Mr
1331 2000 1385 2035 Dr
1402 1999 1532 2036 Ebden

224 2057 285 2093 Mr
301 2057 357 2093 Dr
373 2057 567 2094 Goodman
776 2058 836 2093 Mr
854 2058 910 2094 Dr
926 2058 1038 2106 Maye
1252 2059 1314 2094 Mr
1332 2059 1386 2094 Dr
1403 2059 1514 2095 Coole

541 2257 751 2300 Professio
782 2257 999 2300 dictorum
1031 2258 1256 2301 doctorum

127 2360 174 2396 In
199 2360 258 2396 dei
282 2361 434 2396 nomine
458 2360 582 2396 Amen
631 2362 709 2408 Ego
733 2362 781 2398 N.
806 2362 852 2398 N.
877 2363 1084 2410 amplector
1105 2375 1255 2399 omnem
1277 2375 1422 2399 sacram
1444 2364 1669 2411 scripturam

219 2421 329 2454 vetus
345 2421 384 2454 et
400 2430 541 2455 nouum
560 2422 832 2456 testamentum
855 2420 974 2467 legem
995 2422 1212 2469 prophetias
1233 2422 1425 2468 evangelia
1446 2423 1670 2468 apostolicas

219 2477 394 2525 epistolas
410 2481 450 2514 et
465 2478 644 2525 quicquid
661 2478 700 2514 in
717 2491 859 2516 canone
875 2481 1059 2527 scripture
1076 2482 1292 2517 continetur
1331 2481 1412 2525 Quo
1423 2493 1510 2516 vcra
1527 2482 1668 2518 Christi

218 2537 371 2573 ecclesia
392 2535 505 2572 verbo
526 2536 586 2572 dei
609 2537 827 2573 auscultans
847 2541 886 2575 et
907 2538 1078 2575 subiecta
1096 2551 1140 2575 ac
1160 2539 1330 2575 doctrina
1354 2540 1607 2586 apostolorum
1630 2544 1669 2576 et

217 2596 484 2643 prophetarum
502 2596 583 2643 ipso
598 2596 690 2632 Jesu
713 2596 864 2633 Christo
883 2610 1032 2634 summo
1051 2598 1219 2645 angulari
1243 2598 1366 2645 lapide
1385 2598 1544 2635 fundata
1566 2603 1606 2635 et
1627 2600 1667 2635 in

217 2655 347 2690 eadem
372 2655 495 2702 quoad
515 2655 643 2691 omnia
666 2659 794 2692 eterne
818 2657 953 2693 salutis
978 2658 1102 2694 media
1126 2658 1365 2704 acquiescens
1389 2656 1538 2703 publice
1561 2661 1667 2695 tenet

216 2716 324 2750 teneo
346 2725 419 2760 que
440 2714 584 2761 respuit
605 2714 748 2762 abnego
802 2715 847 2751 In
869 2716 1045 2752 omnibus
1066 2715 1266 2751 clementia
1287 2715 1484 2752 salvatoris
1505 2718 1665 2763 gratiam

216 2775 408 2819 prestante
425 2772 602 2808 certando
618 2785 685 2819 pro
702 2773 850 2808 iustitia
866 2776 905 2810 et
922 2775 1079 2810 veritate
1096 2773 1339 2821 perseverabo
1691 2778 1695 2783 '

1430 2953 1561 2992 12-2
