2008 3216
167 184 386 238 1563-64]
748 194 900 227 osaea·
930 194 1055 225 BOOK
1086 195 1116 225 Δ
1630 186 1709 226 181

163 295 390 333 Conceditur
411 297 446 344 xj
472 297 666 334 Februarii
689 301 731 334 vt
753 297 833 334 dies
857 297 962 334 Lune
990 301 1030 333 et
1057 297 1193 333 Martis
1215 297 1383 344 proxime
1405 297 1615 343 septimane
1636 308 1711 332 non

256 355 335 390 sint
351 354 599 402 disputabiles
616 367 691 392 non
708 355 883 392 obstante
899 358 1046 392 statuto
1063 355 1118 391 ita
1134 358 1263 391 tamen
1278 358 1319 390 vt
1336 366 1405 402 pro
1417 354 1711 401 disputabilibus

257 417 481 450 censeantur
497 417 576 449 tam
594 414 641 450 ad
659 414 859 461 magistros
875 414 1137 461 disputaturos
1152 425 1268 461 quam
1284 413 1332 450 ad
1350 413 1513 449 bedellos

162 471 389 508 Conceditur
407 472 538 509 eodem
560 477 602 509 vt
624 473 705 509 dies
727 485 802 510 non
822 473 1071 520 disputabiles
1093 476 1248 520 propter
1270 472 1557 509 multitudinem
1575 471 1711 507 bacha-

253 530 464 567 laureorum
481 532 520 567 in
536 532 683 569 artibus
699 533 777 569 sint
793 532 1040 580 disputabiles
1063 545 1130 580 per
1151 543 1346 568 assensum
1362 534 1402 567 et
1418 530 1711 578 assignationem

255 589 396 626 domini
414 591 691 637 procancellarii
710 594 748 628 et
765 591 1004 627 dominorum
1022 594 1308 638 procuratorum

161 647 387 684 Conceditur
404 652 449 685 28
466 649 489 685 J
491 650 637 686 anuarii
655 652 697 686 vt
713 650 737 686 J
739 662 771 686 o.
791 650 931 685 Baxter
946 649 998 685 sit
1015 661 1113 685 vnus
1125 660 1170 685 ex
1183 651 1346 696 quatuor
1358 647 1437 684 vini
1451 647 1711 684 venditoribus

255 718 322 753 per
338 707 576 744 'academiam
605 708 842 755 assignandis
867 711 907 744 et
933 719 1047 754 super
1071 708 1142 743 hac
1169 710 1295 743 vestra
1319 707 1558 743 concessione
1582 706 1711 742 literas

254 765 392 802 habeat
408 767 647 813 consignatas
665 767 786 813 sigillo
804 770 929 802 vestro
946 766 1137 802 communi

160 823 388 860 Conceditur
406 827 449 860 15
468 825 597 861 Martii
615 828 657 861 vt
674 825 845 860 doctores
863 825 960 871 Pory
978 824 1114 860 Stokes
1137 824 1348 860 Beamount
1372 823 1485 860 Ithell
1503 828 1542 859 et
1558 823 1712 859 Walker

254 883 333 919 sint
349 883 490 919 iudices
510 883 669 930 delegati
691 883 731 919 in
755 895 868 919 causa
890 883 1155 930 appellationis
1179 883 1366 930 pendente
1390 883 1490 919 inter
1510 883 1712 930 magistros

254 941 398 988 Cooper
413 945 452 978 et
469 942 572 978 Serle
588 942 643 978 ita
660 945 702 978 vt
719 941 758 978 id
774 946 901 978 ratum
918 942 970 978 sit
983 945 1109 978 vestra
1124 942 1352 980 auctoritate
1369 942 1470 988 quod
1487 941 1606 978 maior
1623 953 1710 988 pars

253 1012 382 1037 eorum
410 1000 616 1036 decreverit
643 1000 742 1037 infra
766 1000 828 1047 viij
853 1000 934 1036 dies
960 1001 1127 1047 proxime
1150 1004 1352 1048 sequentes
1401 1001 1598 1036 Forisfecit
1621 1001 1711 1047 quia

254 1072 329 1096 non
345 1063 404 1096 est
421 1062 673 1107 prosequutus
690 1059 982 1106 appellationem

159 1118 387 1155 Conceditur
411 1121 455 1154 19
478 1118 569 1154 Maii
593 1120 635 1154 vt
659 1118 846 1165 oppositio
873 1118 912 1154 in
939 1118 1126 1164 theologia
1148 1118 1196 1154 ad
1219 1130 1333 1165 quam
1358 1122 1510 1155 tenetur
1532 1108 1711 1164 magister
1728 1113 1753 1151 f.
1778 1112 1830 1151 78
1850 1114 1874 1149 b

254 1177 466 1225 Wightgyft
498 1177 642 1213 ratione
671 1177 809 1223 gradus
837 1177 897 1213 sui
924 1176 1121 1227 differatur
1150 1177 1187 1213 in
1219 1178 1434 1224 proximum
1463 1189 1606 1214 annum
1636 1178 1708 1214 nisi

251 1238 378 1284 aliqua
393 1237 604 1285 disputacio
621 1237 660 1273 in
677 1237 864 1283 theologia
880 1237 947 1272 fiat
963 1239 1053 1272 ante
1069 1237 1223 1273 comitia
1239 1237 1411 1284 proxima

159 1295 387 1332 Conceditur
408 1296 542 1332 vltimo
564 1295 656 1331 Maii
681 1298 723 1332 vt
744 1295 921 1332 dominus
943 1295 1256 1342 procancellarius
1277 1295 1450 1332 doctores
1474 1295 1710 1331 Beaumount

252 1359 291 1391 et
309 1355 439 1402 Harvy
450 1355 578 1390 literas
591 1353 703 1390 modo
715 1354 832 1390 lectas
845 1353 1000 1390 tradant
1012 1358 1051 1390 et
1063 1359 1342 1401 prosequantur
1354 1355 1507 1400 negocia
1519 1354 1709 1390 academie

253 1418 292 1450 et
311 1413 476 1450 habeant
486 1425 667 1460 expensas
684 1425 772 1449 suas
788 1413 968 1449 allocatas
984 1425 1050 1460 per
1065 1413 1237 1450 doctores
1252 1415 1370 1450 Perne
1388 1414 1509 1450 Baker
1518 1419 1557 1450 et
1575 1414 1709 1450 Stokes

160 1472 388 1509 Conceditur
410 1476 453 1509 21
477 1473 501 1509 J
505 1473 584 1509 unii
608 1476 650 1509 vt
672 1473 861 1508 concessio
883 1473 995 1508 officii
1014 1472 1279 1509 subsenescalli
1304 1474 1405 1509 facta
1425 1485 1491 1521 per
1513 1473 1707 1509 dominum

255 1531 346 1567 Rob.
373 1531 518 1578 Dudley
542 1531 722 1577 magistro
745 1531 938 1578 Stanhope
966 1534 1046 1566 tam
1073 1543 1141 1578 pro
1168 1532 1386 1567 executione
1409 1531 1576 1567 eiusdem
1598 1532 1707 1567 officii

252 1602 367 1638 quam
392 1603 459 1638 pro
488 1591 700 1638 receptione
729 1590 907 1638 stipendii
937 1589 1029 1627 dicti
1058 1590 1201 1626 domini
1232 1590 1386 1626 Roberti
1415 1594 1457 1627 vt
1486 1603 1552 1638 per
1580 1591 1709 1626 literas

252 1652 426 1696 patentes
447 1648 539 1685 dicti
563 1648 706 1684 domini
731 1648 796 1684 Ro.
821 1651 994 1684 ostensas
1017 1647 1171 1684 domino
1193 1648 1482 1695 procancellario
1506 1649 1559 1684 sit
1584 1653 1709 1684 vestra

254 1707 478 1755 auctoritate
495 1710 578 1742 rata

157 1767 384 1804 Conceditur
400 1767 530 1803 eodem
549 1770 589 1803 vt
606 1767 798 1814 responsio
814 1766 862 1802 ad
881 1778 996 1813 quam
1014 1769 1168 1802 tenetur
1192 1766 1372 1812 magister
1388 1766 1518 1802 doctor
1537 1766 1650 1802 Ithell
1668 1767 1707 1802 in

253 1827 431 1874 vesperiis
453 1827 691 1862 comitiorum
714 1827 968 1873 proximorum
991 1826 1137 1862 ratione
1158 1826 1296 1872 gradus
1316 1827 1374 1862 sui
1398 1827 1564 1873 suscepti
1589 1827 1709 1874 possit

253 1886 419 1922 converti
448 1886 487 1921 in
516 1885 812 1932 disputationem
842 1885 1106 1932 perficiendam
1135 1885 1174 1920 in
1205 1886 1374 1932 proximo
1402 1898 1502 1921 anno
1529 1886 1708 1932 quoniam

253 1949 405 1992 propter
420 1945 514 1980 alias
530 1944 807 1991 disputationes
823 1943 1017 1979 commode
1034 1955 1135 1979 nunc
1153 1944 1279 1990 peragi
1297 1956 1371 1979 non
1390 1944 1510 1990 possit

158 2004 384 2041 Conceditur
409 2004 476 2050 vij⁰
497 2003 520 2039 J
524 2004 590 2040 ulii
616 2003 795 2050 magistro
819 2002 962 2039 doctori
989 2002 1139 2049 Busbey
1155 2002 1327 2038 absentia
1351 2002 1399 2038 ab
1422 2002 1598 2039 omnibus
1622 2015 1707 2038 con-

253 2062 528 2110 gregationibus
545 2066 613 2099 etc.

731 2383 900 2436 Quarto
931 2383 1125 2440 Augusti

159 2509 248 2556 May
266 2509 297 2545 it
313 2509 437 2556 please
453 2521 536 2556 yow
560 2509 646 2545 that
669 2509 763 2545 from
788 2509 854 2545 the
876 2508 1101 2557 begynnyng
1117 2510 1159 2545 of
1179 2509 1257 2545 this
1279 2510 1526 2545 convocacion
1550 2509 1581 2544 it
1598 2520 1707 2555 maye

251 2568 297 2604 be
313 2568 381 2604 full
394 2571 512 2604 terme
529 2568 676 2615 duryng
691 2568 757 2604 the
774 2567 915 2604 aboade
931 2569 973 2604 of
990 2569 1055 2604 the
1073 2569 1221 2613 Quenes
1239 2568 1340 2604 Matie
1358 2568 1446 2604 here
1462 2568 1537 2603 and
1555 2568 1641 2603 that
1657 2568 1707 2603 all

251 2627 398 2664 readers
421 2627 569 2675 duryng
597 2628 686 2675 thys
711 2631 814 2674 tyme
839 2639 947 2675 maye
972 2627 1002 2663 &
1029 2627 1077 2663 do
1106 2627 1216 2664 reade
1242 2627 1316 2664 and
1347 2628 1433 2663 that
1465 2627 1515 2662 all
1548 2627 1707 2662 auditor·

251 2685 299 2722 do
324 2686 498 2732 frequent
526 2686 626 2721 their
650 2686 774 2721 lector·
802 2685 832 2722 ὅτ
860 2686 910 2721 all
938 2686 1182 2732 disputacons
1208 2685 1255 2721 be
1286 2686 1399 2732 kepte
1424 2685 1498 2721 and
1524 2685 1574 2720 all
1599 2685 1708 2721 other

252 2745 412 2792 thynges
433 2744 480 2780 be
504 2745 632 2792 ffullye
653 2745 778 2780 donne
800 2745 830 2781 &
853 2744 1036 2792 observyd
1061 2757 1103 2780 as
1126 2756 1235 2792 maye
1259 2745 1290 2780 &
1314 2745 1347 2780 is
1371 2744 1461 2780 vsed
1484 2744 1523 2779 in
1547 2743 1613 2779 the
1636 2744 1705 2784 full

251 2806 370 2838 terme
385 2802 460 2839 and
477 2803 563 2839 that
579 2803 658 2839 this
673 2802 719 2839 b'e
735 2815 758 2839 a
774 2803 1038 2850 congregacion
