2008 3216
347 186 432 227 202
939 197 1090 228 emon
1120 197 1245 228 ΒοοΚ
1275 197 1306 228 Δ
1675 187 1896 243 [1566-67

439 298 571 336 Franc.
590 298 730 346 Taylor
747 299 856 346 (Tri.)
952 299 1125 346 Manfyld
1418 300 1630 348 Reynoldes

440 356 639 394 Chawfont
954 358 1022 394 Ed.
1041 359 1255 406 Francklyn
1420 360 1637 396 Bourdman

442 416 618 453 Croswell
956 417 1131 453 Churche
1418 418 1567 454 Holden

441 474 613 522 Northye
952 476 976 511 J
978 476 1173 523 enkynson
1418 476 1583 514 Holland

444 531 577 578 Hycke
953 532 1088 568 Foster
1420 534 1635 582 Nytyngale

440 590 631 637 Wylshaw
954 591 1125 638 Speyght
1423 593 1560 640 Poolye

441 648 557 684 Holte
954 650 1056 685 Hare
1419 651 1548 698 Lynge

441 709 555 745 Kewe
950 709 1070 745 Wake
1417 710 1576 747 Skelton

440 767 552 804 Coole

179 885 205 923 f.
230 885 282 923 88
301 886 328 923 b
344 886 572 923 Conceditur
596 890 640 922 14
660 887 833 924 Januarii
853 890 896 923 vt
920 887 1170 934 questioniste
1193 888 1340 934 possint
1360 887 1584 934 respondere
1601 887 1793 934 questioni
1810 889 1897 935 post

438 946 578 982 festum
595 946 869 992 purificationis
886 957 962 982 non
978 945 1155 982 obstante
1172 949 1319 982 statuto

345 1005 575 1041 Conceditur
598 1007 643 1041 13
668 1004 886 1041 Decembris
908 1007 951 1041 vt
974 1005 1146 1051 magistri
1169 1004 1323 1052 Gybson
1349 1008 1387 1041 et
1413 1005 1550 1052 Lewyn
1573 1005 1652 1042 sint
1681 1009 1807 1042 vestra
1832 1017 1898 1041 au-

438 1065 621 1100 thoritate
637 1065 914 1101 examinatores
932 1065 1271 1111 questionistarum
1287 1064 1402 1100 huius
1417 1064 1508 1100 anni

345 1123 574 1160 Conceditur
592 1127 638 1160 14
652 1124 677 1159 J
679 1124 825 1160 anuarii
841 1127 885 1160 vt
901 1124 934 1160 si
951 1124 1038 1171 quis
1058 1123 1273 1160 subscribat
1290 1136 1426 1160 nomen
1449 1136 1561 1160 suum
1582 1124 1693 1160 alicui
1716 1125 1835 1171 gratie
1857 1125 1897 1160 in

439 1194 515 1229 qua
537 1182 665 1229 plures
688 1183 842 1219 termini
866 1186 1115 1219 numerantur
1140 1195 1257 1230 quam
1283 1183 1317 1219 is
1343 1183 1382 1219 in
1409 1183 1480 1219 hac
1508 1183 1700 1219 academia
1726 1195 1894 1219 consum-

439 1243 599 1278 maverit
616 1243 678 1279 ille
695 1243 761 1290 qui
778 1243 832 1279 sic
849 1254 986 1278 nomen
1004 1242 1270 1290 subscripserit
1286 1243 1458 1290 privetur
1473 1254 1543 1278 sua
1558 1254 1648 1278 voce
1667 1254 1734 1289 per
1754 1254 1897 1279 annum

439 1305 479 1337 et
507 1302 714 1339 mulctetur
741 1302 790 1338 ad
819 1301 1019 1338 arbitrium
1050 1302 1193 1339 domini
1223 1302 1504 1350 procancellarii
1528 1306 1568 1339 et
1594 1302 1660 1338 hec
1685 1303 1806 1349 gratia
1830 1315 1898 1350 pro

439 1362 587 1396 statuto
604 1359 790 1396 habeatur

345 1418 573 1456 Conceditur
592 1421 636 1457 17
653 1419 676 1455 J
679 1419 826 1456 aunarii
843 1423 886 1455 vt
902 1420 968 1466 qui
985 1419 1152 1466 cooptari
1170 1420 1210 1455 in
1226 1419 1397 1455 ordinem
1409 1419 1746 1466 questionistarum
1759 1423 1898 1467 petunt

439 1482 478 1514 et
501 1477 668 1514 nondum
689 1478 955 1513 examinantur
970 1490 1037 1525 per
1053 1477 1327 1514 examinatores
1344 1477 1457 1514 huius
1474 1478 1564 1514 anni
1581 1480 1620 1514 et
1636 1478 1900 1514 examinentur

440 1540 479 1573 et
503 1549 570 1584 per
590 1548 719 1573 eorum
743 1536 921 1583 suffragia
943 1536 1108 1572 dominis
1130 1536 1418 1583 procancellario
1441 1539 1480 1573 et
1503 1536 1809 1584 procuratoribus
1830 1540 1898 1574 aut

439 1594 696 1642 approbentur
711 1598 779 1631 aut
796 1594 1017 1642 reijciantur
1032 1606 1161 1630 eorum
1179 1594 1408 1631 admissione
1426 1607 1500 1631 non
1517 1595 1695 1632 obstante

345 1654 573 1690 Conceditur
597 1653 728 1690 eodem
750 1653 904 1690 domino
926 1654 984 1690 Jo.
1009 1653 1132 1691 Cocke
1157 1654 1197 1690 in
1219 1653 1413 1690 academia
1440 1654 1663 1690 Lovaniensi
1690 1655 1729 1691 in
1752 1655 1899 1692 artibus

439 1711 687 1748 bachalaureo
716 1715 758 1748 vt
786 1712 838 1748 sit
866 1712 927 1748 hic
956 1712 1058 1759 apud
1087 1723 1156 1748 nos
1184 1712 1223 1748 in
1253 1711 1407 1748 eiisdem
1437 1711 1555 1759 gradu
1580 1712 1710 1749 ordine
1735 1716 1774 1750 et
1797 1725 1898 1750 anno

440 1770 580 1818 quibus
596 1770 670 1807 fuit
693 1771 732 1807 in
755 1770 858 1807 dicta
879 1771 1071 1807 academia
1093 1772 1148 1808 sic
1170 1773 1213 1807 vt
1235 1771 1341 1819 prius
1362 1771 1592 1819 approbetur
1614 1783 1681 1820 per
1702 1771 1897 1810 dominum

440 1830 773 1878 procancellarium
792 1833 831 1866 et
854 1830 1046 1867 doctorem
1069 1830 1222 1867 Hutton
1267 1830 1427 1867 Creatus
1443 1834 1502 1867 est
1518 1831 1557 1867 in
1575 1831 1767 1868 academia
1784 1832 1899 1869 Lova-

441 1890 561 1926 niensi
590 1893 635 1926 13
660 1889 894 1937 Septembris
918 1901 1018 1926 anno
1042 1889 1185 1926 domini
1214 1892 1305 1927 1565
1334 1894 1378 1927 vt
1406 1894 1513 1938 patet
1541 1902 1609 1938 per
1634 1891 1763 1928 literas
1790 1892 1898 1929 testi-

441 1949 624 1985 moniales

346 2007 575 2044 Conceditur
593 2009 637 2044 16
653 2006 760 2045 Junii
778 2007 842 2044 W⁰
865 2007 1029 2055 Bolynge
1053 2010 1095 2044 vt
1119 2010 1163 2044 13
1186 2008 1340 2045 termini
1363 2009 1403 2045 in
1426 2008 1566 2056 quibus
1591 2013 1651 2046 etc
1673 2021 1760 2046 cum
1783 2021 1896 2058 oppo-

439 2066 642 2103 sitionibus
666 2070 726 2102 etc
748 2066 939 2103 sufficiant
956 2066 990 2102 ei
1008 2065 1056 2103 ad
1073 2066 1377 2114 respondendum
1393 2067 1585 2114 questioni
1603 2067 1657 2104 sic
1674 2071 1718 2105 vt
1734 2068 1786 2104 sit
1803 2073 1892 2106 actu

443 2126 713 2163 bachalaureus
729 2129 768 2162 et
784 2129 863 2163 stet
880 2126 918 2162 in
936 2126 1108 2174 proxima
1124 2126 1412 2174 quadragesima

923 2316 1122 2375 Magistri
1154 2317 1318 2361 artium

347 2422 576 2460 Conceditur
594 2425 637 2458 14
657 2421 785 2458 Martii
808 2421 961 2458 domino
984 2421 1043 2458 J0.
1070 2422 1215 2469 Kempe
1238 2425 1280 2458 vt
1303 2433 1437 2458 novem
1460 2422 1612 2458 termini
1637 2424 1723 2469 post
1745 2421 1895 2459 finalem

441 2483 522 2519 eius
537 2481 890 2519 determinationem
910 2481 947 2517 in
965 2480 1106 2528 quibus
1123 2480 1302 2517 lectiones
1319 2480 1528 2518 ordinarias
1544 2481 1693 2518 audiuit
1712 2481 1800 2518 licet
1820 2494 1895 2519 non

441 2541 595 2578 omnino
611 2540 818 2577 secundum
836 2541 995 2577 formam
1013 2541 1150 2577 statuti
1168 2552 1255 2577 cum
1273 2540 1574 2588 oppositionibus
1590 2541 1896 2589 responsionibus

441 2605 480 2637 et
496 2600 581 2637 aliis
597 2600 785 2637 exercitiis
802 2611 868 2648 per
884 2602 1032 2637 statuta
1049 2600 1242 2648 requisitis
1258 2600 1448 2637 sufficiant
1464 2600 1498 2637 ei
1516 2600 1563 2636 ad
1582 2600 1837 2648 incipiendum
1855 2601 1894 2637 in

442 2658 589 2695 artibus

350 2717 489 2755 Eadem
515 2717 638 2764 gratia
666 2716 884 2754 conceditur
911 2717 1041 2755 eodem
1064 2717 1099 2755 d.
1127 2717 1184 2755 W.
1211 2718 1356 2755 Fenton
1378 2718 1483 2755 Alex.
1514 2717 1598 2766 Key
1624 2718 1682 2755 Jo.
1713 2718 1811 2755 Sone
1835 2718 1894 2756 Jo.

444 2774 587 2822 Maplet
614 2774 794 2811 Nicholao
819 2774 1005 2812 Chalenor
1031 2774 1143 2812 Abra.
1180 2775 1381 2812 Hartewell
1410 2775 1498 2812 Lan.
1528 2774 1786 2824 Washyngton
1816 2777 1892 2814 Ric.

444 2834 583 2870 Faucet
610 2833 701 2870 Tho.
737 2833 854 2869 inach
890 2834 995 2871 Geor.
1026 2833 1121 2881 Joye
1149 2833 1241 2870 Tho.
1270 2832 1410 2870 Barber
1434 2834 1524 2871 Tho.
1553 2834 1791 2883 Syckelmore
1817 2835 1892 2872 Hu.

444 2893 566 2941 Byllet
586 2892 695 2929 Mich.
716 2892 853 2931 warde
872 2893 1003 2941 Davyd
1023 2892 1116 2930 Yaie
