2008 3216
115 157 337 215 1554-55]
685 167 836 201 omos
866 168 992 200 ΒοοΚ
1021 168 1052 200 Δ
1575 157 1657 200 107

615 453 825 497 Doctores
856 454 900 496 in
931 454 1147 497 medicina

113 579 159 615 In
183 579 317 626 primis
341 578 559 615 conceditur
580 578 733 615 domino
756 578 919 615 Bownde
935 582 978 615 vt
1000 579 1170 615 studium
1193 591 1257 615 sex
1279 590 1465 616 annorum
1487 579 1526 614 in
1544 578 1660 614 medi-

205 638 300 674 cinis
315 650 339 674 a
355 637 669 674 bacchalaureatu
685 637 734 674 ad
751 638 896 686 praxim
914 650 938 674 a
954 637 1061 674 vobis
1077 649 1292 674 concessam
1309 637 1382 674 sub
1398 638 1519 685 sigillo
1536 642 1661 674 vestro

205 697 395 733 communi
413 699 452 733 et
469 699 490 735 7
507 708 692 734 annorum
716 700 919 745 postquam
942 697 1160 734 licentiatus
1179 698 1295 734 fuerit
1311 697 1359 734 ad
1375 696 1660 745 practicandum

203 756 364 793 sufficiat
380 756 453 792 sibi
470 756 518 793 ad
535 756 794 804 incipiendum
812 757 852 792 in
868 756 999 792 eadem
1018 756 1199 792 facultate

111 813 211 850 Item
235 812 452 849 conceditur
476 813 657 859 magistro
682 813 800 860 Fryer
823 816 866 849 vt
890 812 1062 849 studium
1088 815 1109 851 7
1134 824 1320 849 annorum
1346 812 1386 848 in
1410 815 1492 848 arte
1516 811 1662 848 medica

203 874 406 918 postquam
435 871 573 906 rexerit
601 871 640 906 in
670 870 818 907 artibus
846 871 1010 907 sufficiat
1039 871 1073 906 ei
1102 871 1149 906 ad
1179 870 1438 918 incipiendum
1464 870 1503 906 in
1530 869 1660 906 eadem

204 929 384 965 facultate

602 1185 812 1228 Doctores
842 1185 887 1228 in
913 1186 1013 1242 jure
1043 1186 1164 1228 ciuili

111 1311 158 1347 In
192 1311 325 1359 primis
357 1311 575 1348 conceditur
599 1311 779 1358 magistro
809 1311 1011 1359 Dunninge
1044 1312 1265 1348 cancellario
1293 1311 1595 1348 reuerendissimi
1620 1311 1660 1347 in

205 1369 357 1406 Christo
382 1370 504 1418 patris
528 1371 692 1418 episcopi
722 1370 974 1406 Norwicencis
998 1374 1040 1406 vt
1063 1371 1234 1407 studium
1259 1373 1280 1408 7
1304 1382 1491 1406 annorum
1516 1371 1553 1406 in
1574 1370 1660 1417 jure

205 1429 308 1466 ciuili
331 1433 418 1477 post
439 1430 521 1466 eius
543 1430 744 1466 introitum
762 1430 801 1466 in
819 1429 949 1467 eadem
967 1430 1148 1466 facultate
1170 1430 1332 1467 sufficiat
1353 1431 1388 1466 ei
1411 1430 1459 1466 ad
1481 1430 1659 1477 incipien-

204 1488 296 1524 dum
314 1489 353 1525 in
370 1489 501 1526 eodem
518 1489 605 1536 jure

113 1548 211 1584 Item
239 1548 459 1585 conceditur
483 1548 606 1585 eidem
633 1554 676 1585 vt
700 1550 821 1596 possit
846 1549 999 1586 admitti
1027 1550 1134 1586 iuxta
1159 1552 1330 1586 tenorem
1356 1549 1475 1596 gratie
1500 1548 1572 1584 sibi
1599 1562 1659 1586 su-

204 1607 340 1654 periori
373 1607 434 1643 die
465 1619 640 1645 concesse
698 1609 748 1644 Et
780 1609 961 1655 quoniam
994 1609 1273 1645 commitiorum
1306 1611 1476 1656 tempore
1508 1612 1661 1656 propter

203 1667 352 1703 futuras
376 1667 617 1703 visitaciones
644 1667 833 1703 dioceseos
861 1668 1164 1704 reuerendissimi
1191 1668 1334 1705 domini
1360 1669 1420 1704 sui
1446 1669 1566 1704 tantis
1590 1669 1659 1704 im-

205 1725 408 1772 plicabitur
443 1730 483 1763 et
519 1726 760 1774 prepedietur
795 1727 958 1774 negociis
991 1731 1034 1763 vt
1067 1731 1160 1763 tunc
1194 1728 1374 1775 temporis
1409 1727 1513 1763 nullo
1549 1727 1660 1764 modo

205 1786 336 1823 adesse
367 1788 488 1834 possit
520 1787 619 1834 petit
651 1799 674 1823 a
707 1786 813 1823 vobis
846 1790 889 1823 vt
922 1786 1024 1823 illius
1059 1786 1240 1823 admissio
1276 1790 1353 1823 stet
1385 1787 1419 1823 ei
1454 1799 1521 1835 pro
1560 1799 1659 1823 com-

203 1846 316 1894 pletis
337 1846 455 1894 gradu
477 1852 516 1883 et
538 1847 659 1883 forma
681 1847 735 1883 sic
757 1846 857 1894 quod
880 1846 1091 1882 satisfaciat
1114 1847 1302 1883 officiariis
1323 1850 1363 1882 et
1384 1846 1507 1883 solvat
1529 1847 1660 1883 aerario

202 1906 392 1942 communi
417 1906 468 1942 xl·

616 2156 825 2200 Doctores
855 2156 901 2199 in
933 2156 1154 2214 theologia

110 2283 208 2320 Item
233 2283 451 2320 conceditur
475 2283 654 2330 magistro
679 2283 781 2319 Bane
800 2286 843 2319 vt
866 2283 1036 2320 studium
1057 2296 1079 2320 x
1096 2295 1280 2320 annorum
1301 2284 1340 2320 in
1363 2285 1550 2332 theologia
1570 2289 1658 2332 post

204 2343 284 2379 eius
305 2342 504 2379 introitum
526 2342 566 2378 in
588 2341 704 2378 libros
723 2343 998 2379 sententiarum
1014 2343 1176 2379 sufficiat
1192 2343 1226 2379 ei
1244 2355 1311 2390 pro
1327 2343 1523 2391 eompletis
1537 2344 1657 2390 gradu

202 2404 242 2438 et
257 2402 377 2438 forma
392 2401 610 2438 doctoratus
627 2401 668 2437 in
684 2401 814 2437 eadem
833 2402 1013 2438 facultate

111 2462 209 2498 Item
230 2461 448 2498 conceditur
468 2461 590 2498 eidem
606 2464 650 2497 vt
668 2462 788 2508 possit
810 2461 963 2497 admitti
986 2462 1091 2497 iuxta
1107 2465 1276 2498 tenorem
1293 2465 1331 2498 et
1347 2462 1520 2498 effectum
1538 2462 1657 2508 gratie

203 2520 275 2557 sibi
305 2521 486 2568 superiori
514 2521 575 2557 die
603 2533 777 2557 concesse
805 2524 911 2557 extra
937 2521 1194 2558 achademiam
1221 2522 1280 2558 vel
1305 2534 1328 2558 a
1354 2533 1502 2558 summo
1527 2526 1656 2558 nostro

203 2581 434 2618 Cancellario
458 2580 695 2617 Wintonensi
720 2581 894 2628 episcopo
919 2581 1165 2617 Dunelmensi
1190 2582 1249 2617 vel
1273 2581 1497 2617 Cicestrensi

111 2639 208 2676 Item
225 2640 442 2676 conceditur
453 2643 496 2676 vt
508 2640 639 2676 doctor
650 2639 805 2675 Weston
818 2639 981 2675 decanus
992 2639 1406 2676 Westmonasteriensis
1418 2641 1469 2676 sit
1482 2640 1543 2676 hic
1554 2640 1655 2687 apud

203 2710 270 2734 vos
286 2699 326 2735 iu
343 2698 472 2735 eodem
487 2699 605 2745 gradu
621 2710 697 2745 quo
713 2699 836 2734 fuerat
853 2698 1008 2734 Oxoniis

112 2757 210 2794 Item
234 2758 266 2794 it
290 2758 323 2794 is
346 2758 529 2804 graunted
558 2758 645 2794 that
666 2759 714 2794 he
736 2770 823 2805 may
841 2757 887 2794 be
908 2757 1095 2794 admitted
1117 2758 1294 2806 acording
1315 2762 1356 2795 to
1377 2759 1443 2795 the
1465 2760 1609 2795 fourme
1625 2758 1656 2796 δι’

202 2821 335 2854 tenure
356 2818 398 2854 of
417 2823 457 2864 5⁰
478 2818 649 2865 forsayde
673 2829 781 2864 grace
805 2817 995 2864 grawnted
1013 2820 1105 2853 vnto
1121 2818 1213 2865 hym
1238 2824 1279 2865 5⁶
1295 2818 1370 2854 last
1385 2830 1472 2866 yere
1522 2817 1592 2854 but
1609 2818 1657 2854 he

202 2876 323 2924 payde
339 2879 407 2912 not
423 2887 493 2912 one
508 2887 630 2923 penye
