2008 3216
158 1137 302 1175 f.81a

321 163 403 204 186
900 173 1051 204 GRACE
1082 173 1206 203 Boon
1236 172 1267 203 Δ
1527 213 1529 215 ³
1644 160 1863 215 [1564-65

412 277 741 313 determinandum
764 290 851 314 cum
873 279 1007 314 ceteris
1026 277 1288 324 questionistis
1311 278 1364 313 sic
1387 279 1513 313 tamen
1539 281 1581 313 vt
1603 277 1684 312 eius
1705 274 1866 311 eruditio

411 336 518 382 prius
533 337 768 372 examinetur
783 340 822 372 et
839 336 1070 383 approbetur
1093 348 1159 383 per
1180 336 1454 371 examinatores
1479 335 1592 371 huius
1616 334 1706 371 anui
1727 336 1767 370 eb
1789 335 1865 369 stet

413 394 598 440 reliquum
615 394 899 441 quadragesime

319 452 461 495 Eadem
477 453 599 499 gratia
615 453 834 489 concediizur
849 454 980 490 eodem
997 453 1112 490 Olem.
1133 454 1288 489 Browne
1304 454 1328 490 J
1331 465 1361 490 o.
1384 454 1487 490 Price

319 511 461 547 Eadem
477 511 599 558 gratia
614 511 832 547 conceditur
847 512 977 548 eodem
996 512 1085 558 Rog.
1106 512 1231 559 Drury
1253 513 1307 548 sic
1330 517 1373 548 vt
1395 516 1472 548 stet
1491 512 1530 548 in
1554 512 1724 558 proxima
1748 509 1865 557 quad-

413 570 596 616 ragesima

320 629 547 665 Conceditur
578 628 708 664 eodem
732 628 755 664 J
758 640 789 665 ο.
817 628 1011 665 Disborow
1034 629 1112 664 iam
1135 629 1236 665 facto
1256 629 1518 676 ludimagistro
1543 628 1735 665 Waldensi
1761 629 1804 664 vi:
1829 627 1866 663 ix

415 688 566 723 termini
592 688 630 722 in
656 687 795 733 quibus
820 691 889 723 etc.
915 687 1105 723 sufficiant
1129 692 1189 723 etc
1214 689 1268 724 sic
1293 692 1336 724 vi:
1360 689 1441 724 eius
1462 687 1624 724 eruditio
1646 691 1706 723 etc
1729 690 1769 723 et
1791 689 1868 722 stet

414 746 601 793 reliquum
618 746 902 793 quadragesime
919 759 1004 782 cum
1022 747 1286 793 questionistis
1302 747 1415 783 huius
1431 748 1520 783 anni

320 805 417 841 Cum
433 805 508 840 hiis
523 805 876 841 determinauerunt
893 818 938 841 ex
954 802 1115 852 collegio
1127 806 1242 852 Regio
1257 806 1397 853 quibus
1415 807 1518 842 nulla
1533 807 1656 853 petita
1671 809 1730 842 est
1746 817 1868 852 neque

414 877 588 901 concessa
607 865 656 901 ab
677 865 869 901 academia
892 866 1014 911 gratia
1039 866 1176 902 Matth.
1203 866 1309 902 Allee
1335 866 1426 902 Rob.
1453 866 1660 902 Holbeame
1684 865 1868 901 Ezechieli

415 923 553 970 Taylor
569 923 675 960 Geor.
696 924 894 970 Laughton
915 924 1010 959 Hen.
1031 924 1159 971 Hayes

887 1135 1006 1178 Ordo
1037 1134 1306 1178 senioritatis

511 1255 657 1291 Fourth
937 1255 1063 1292 Lovell
1365 1255 1569 1302 Robynson

446 1326 449 1329 ·
509 1313 533 1349 J
536 1326 639 1350 ames
938 1314 1082 1361 Bygges
1363 1314 1537 1350 Faukner

511 1373 690 1420 Wybhers
939 1374 1081 1409 Hulme
1366 1374 1503 1410 Glover

512 1432 723 1469 Ramesden
937 1432 1123 1468 Stallarde
1367 1432 1518 1470 Walton

511 1490 660 1528 Cocken
936 1491 1069 1527 Powell
1366 1490 1497 1538 Lakyn

510 1550 733 1598 Coppynger
939 1550 1083 1587 Gulson
1102 1550 1266 1597 (Regin.)
1364 1550 1480 1587 Holbe

512 1609 670 1645 Hanbee
939 1609 1083 1646 Gulson
1101 1608 1274 1656 (Christi)
1367 1609 1542 1646 Leethlee

513 1667 549 1703 N
552 1671 679 1715 orgabe
941 1668 1176 1718 Broughbony
1366 1668 1509 1705 Barker

513 1727 674 1763 Blaxton
922 1727 1053 1763 .Hunt
1369 1728 1507 1776 Smyth
1525 1728 1698 1776 (Christi)

514 1786 613 1833 Cage
943 1786 1080 1822 Hawes
1372 1786 1449 1824 Rio.
1469 1788 1606 1835 Smyth
1623 1788 1731 1835 (Tri.)

514 1845 665 1881 Heathe
942 1844 1087 1881 Fourde
1370 1845 1465 1882 Heu.
1486 1846 1622 1894 Smyth
1640 1846 1748 1894 (Tri.)

515 1904 716 1951 Farmarye
939 1904 1103 1939 Tomson
1366 1904 1554 1952 Lymbard

515 1963 699 1999 Gardiner
717 1963 848 2010 (Patr.)
935 1963 1120 1999 Yeoloton
1364 1963 1609 2011 Wylliamson
1629 1963 1805 2013 [Wilson]

515 2022 626 2070 Alley
943 2022 1076 2059 Crosse
1368 2022 1607 2071 Remyngton

515 2081 654 2128 Trasey
941 2081 1095 2117 Bowthe
1369 2081 1559 2130 Heywood

517 2141 724 2177 Holbeame
941 2140 1137 2177 Cornelius
1366 2140 1491 2177 Slater

516 2200 656 2235 Sutton
943 2198 1057 2235 Owen
1367 2198 1514 2247 Oamey
1530 2198 1712 2249 [Keerne]

516 2258 679 2294 Stanton
942 2258 1086 2293 Greene
1372 2257 1517 2294 Halsall

516 2317 655 2366 Taylor
946 2316 1111 2364 Hicklyn
1372 2316 1557 2354 Gardiner
1574 2318 1684 2366 (Cla.)

519 2377 686 2423 Laugton
943 2376 1060 2423 Sayer
1079 2374 1262 2424 [Sawyer]
1369 2375 1510 2413 Webbe

519 2436 647 2483 Hayes
941 2435 1169 2483 Spierpoynt
1367 2435 1546 2483 Euglishe

519 2493 683 2531 Holland
946 2494 1049 2530 Price
1368 2494 1549 2531 Asheball

521 2552 686 2590 Woodde
946 2552 1205 2590 Vnderdowne
1371 2553 1554 2602 Hardyng

519 2613 673 2650 Browne
944 2611 1146 2648 Lancaster
1375 2612 1570 2650 Kneetubs

519 2671 652 2708 sterno
945 2670 1109 2708 Wndson
1372 2671 1447 2709 Cle.
1467 2672 1622 2710 Browne
1639 2672 1747 2720 (Tri.)

520 2731 738 2779 uiggynson
944 2730 1105 2778 Bishope
1370 2731 1516 2779 Drurye

517 2791 612 2838 Saga
945 2788 1120 2837 Oldsylde
1371 2789 1584 2827 Disborowe

517 2850 667 2886 Showte
946 2847 1047 2885 Dent.
1372 2848 1623 2898 Luddyngton

522 2908 655 2956 Kyngo
