2008 3216
173 152 391 208 1563-64]
744 159 898 192 emon
927 157 1052 190 Boox
1082 157 1112 188 Δ
1635 138 1715 182 171

792 676 1122 735 [1563-1564]

178 787 329 831 Gratie
369 787 460 829 sive
500 784 735 842 petitiones
776 796 975 825 concesse
1016 781 1062 823 in
1098 779 1230 837 plena
1265 776 1604 835 congregatione
1641 775 1726 818 Re-

293 856 492 914 gentium
535 862 580 898 et
621 868 706 896 non
751 851 1017 909 Regentium
1063 865 1090 893 a
1137 850 1247 892 festo
1295 848 1447 891 Sancti
1498 845 1727 889 Michaelis

294 924 543 982 archangeli
583 937 697 966 anno
738 921 917 965 Domini
956 922 1068 963 1563
1106 934 1240 976 vsque
1277 918 1392 962 idem
1426 918 1587 960 festum
1622 920 1728 957 tunc

294 995 488 1054 proxime
533 1007 719 1051 sequens
796 992 915 1035 Edw.
960 990 1163 1033 Hawford
1207 1004 1325 1032 sacre
1368 987 1588 1044 theologie
1630 1000 1728 1042 pro·

296 1067 453 1109 sessore
480 1071 586 1108 tunc
614 1062 945 1121 procancellario
975 1068 1022 1104 et
1051 1060 1239 1103 Ricardo
1263 1059 1438 1103 Curteis
1465 1063 1510 1100 et
1539 1055 1731 1100 Henrico

298 1136 471 1192 Worley
509 1133 862 1192 procuratoribus

181 1293 408 1331 Conceditur
438 1293 492 1329 νω
518 1291 744 1329 Novembris
778 1294 820 1327 vt
853 1301 983 1326 omnes
1017 1289 1136 1336 gratie
1169 1287 1406 1325 admittendo
1440 1298 1508 1334 per
1537 1285 1732 1322 dominum

275 1351 605 1400 procancellarium
638 1350 810 1386 doctores
844 1349 961 1395 Porye
996 1346 1110 1384 Ithell
1143 1350 1182 1383 et
1214 1346 1368 1382 Walker
1400 1345 1600 1392 magistros
1640 1343 1731 1380 Rob.

275 1412 486 1448 Beamount
502 1414 540 1447 et
557 1409 777 1446 Barnisdale
794 1408 942 1456 possint
958 1418 1177 1443 concurrere
1198 1407 1237 1442 in
1258 1409 1424 1453 quatuor
1439 1403 1733 1451 congregationi-

277 1470 348 1506 bus
365 1469 477 1506 huius
494 1469 583 1504 anni
601 1469 655 1504 sic
673 1470 714 1504 vt
731 1478 861 1503 omnes
878 1466 1118 1502 consentiant

708 1746 1018 1790 Bacchalaurei
1049 1746 1212 1789 artium

185 1871 413 1910 Conceditur
438 1871 499 1918 ijd⁰
524 1870 618 1907 Julii
648 1869 770 1916 Georg
799 1867 956 1904 Barwell
985 1871 1028 1902 vt
1060 1868 1103 1902 12
1132 1866 1286 1902 termini
1316 1866 1356 1902 in
1382 1866 1522 1912 quibus
1555 1866 1736 1902 lectiones

279 1931 488 1968 ordinarias
509 1930 657 1966 audivit
678 1929 766 1965 licet
791 1939 866 1963 non
892 1926 1045 1963 omnino
1069 1925 1277 1962 secundum
1302 1925 1461 1961 formam
1485 1925 1624 1960 statuti
1649 1935 1736 1960 cum

280 1989 580 2038 oppositionibus
613 1986 919 2035 responsionibus
951 1988 991 2021 et
1023 1985 1108 2020 aliis
1140 1984 1327 2020 exercitiis
1356 1995 1423 2031 per
1446 1987 1594 2020 statuta
1620 1983 1736 2029 Regia

280 2048 472 2095 requisitis
487 2047 677 2083 sufficiant
693 2046 727 2082 ei
744 2045 791 2082 ad
809 2043 1110 2092 respondendum
1126 2042 1314 2089 questioni

189 2107 328 2144 Eadem
345 2108 466 2155 gratia
482 2106 699 2144 conceditur
711 2106 782 2153 iijw
799 2103 1025 2141 Novembris
1042 2102 1207 2138 Roberto
1224 2100 1399 2137 Wolland
1415 2104 1455 2137 et
1473 2101 1570 2137 Heu.
1590 2101 1738 2148 Drurye

188 2165 330 2202 Eadem
356 2166 479 2213 gratia
506 2163 724 2201 conceditur
756 2162 848 2210 xvjw
880 2160 1100 2198 Decembris
1125 2160 1218 2197 Tho.
1248 2158 1478 2196 Sickelmore
1505 2159 1562 2196 J0.
1593 2159 1739 2207 Maplet

282 2223 404 2260 David
420 2223 514 2260 Yale
562 2225 602 2259 et
617 2234 704 2258 cum
719 2221 755 2269 xj
774 2220 948 2257 terminis
966 2219 1149 2256 Nicholao
1166 2218 1355 2255 Chalenor

190 2283 418 2320 Conceditur
433 2282 565 2330 xxviij⁰
580 2282 604 2318 J
606 2281 753 2318 aunarii
773 2281 883 2317 Petro
901 2280 1033 2316 Shawe
1050 2282 1093 2315 vt
1112 2282 1156 2315 12
1173 2278 1327 2314 termini
1344 2278 1384 2314 in
1401 2277 1541 2325 quibus
1561 2278 1740 2314 lectiones
1758 2277 1782 2316 f.
1809 2277 1860 2316 73
1873 2277 1899 2314 b

283 2342 490 2379 ordinarias
507 2342 657 2378 audiuit
681 2342 769 2378 licet
791 2352 866 2376 non
890 2339 1044 2375 omnino
1064 2338 1272 2375 secundum
1298 2338 1459 2374 formam
1488 2338 1625 2374 statuti
1653 2350 1739 2374 cum

283 2399 580 2448 oppositionibus
612 2397 918 2446 responsionibus
949 2401 988 2434 et
1020 2397 1105 2433 aliis
1137 2396 1325 2432 exercitiis
1354 2408 1421 2443 per
1448 2398 1596 2432 statuta
1626 2397 1741 2443 Regia

284 2459 476 2507 requisitis
491 2459 681 2496 sufficiant
697 2459 731 2495 ei
748 2458 797 2494 ad
814 2456 1119 2504 respondendum
1137 2456 1329 2503 questioni

192 2518 333 2555 Eadem
349 2519 471 2565 gratia
487 2518 706 2554 conceditur
723 2517 854 2554 eodem
875 2516 976 2552 Edw.
1002 2515 1037 2551 N
1039 2514 1163 2562 yndge
1185 2514 1343 2561 Rogerio
1364 2514 1491 2550 Revell
1511 2514 1534 2550 J
1538 2526 1568 2550 0.
1597 2515 1742 2562 Kempe

286 2577 408 2624 Abely
433 2577 592 2624 Smythe
613 2577 671 2612 J0.
698 2576 870 2612 Ludham
899 2574 1072 2611 Michaeli
1097 2573 1233 2610 Warde
1259 2573 1367 2609 Edm.
1396 2573 1559 2609 Hounde
1582 2574 1742 2610 Ricardo

287 2635 478 2671 Grenham
510 2635 640 2670 Franc.
671 2634 874 2681 Wyseman
909 2632 1069 2668 Ricardo
1100 2632 1259 2668 Watson
1293 2630 1479 2667 Gwaltero
1513 2631 1605 2679 Hyll
1638 2632 1740 2668 Edw.

287 2693 494 2729 Ackworth
510 2692 684 2729 Samsoni
703 2691 884 2727 Robertes
901 2691 1024 2737 Georg
1039 2690 1063 2726 J
1065 2702 1134 2737 oye
1156 2689 1316 2726 Ricardo
1333 2690 1465 2725 Mason
1487 2690 1578 2727 Tho.
1600 2690 1743 2727 Leache

290 2749 383 2788 Rob.
407 2749 503 2797 Jaye
529 2750 635 2786 Alex.
666 2747 900 2787 Avenaunde
920 2746 977 2784 W.
1002 2747 1154 2782 Marche
1178 2746 1226 2782 H.
1249 2746 1383 2782 Gauon
1408 2745 1500 2782 Rob.
1527 2746 1669 2782 Lesseo
1683 2748 1706 2784 J
1709 2760 1741 2784 0.

290 2809 446 2856 Depupe
460 2808 561 2844 Jaco.
582 2807 698 2844 Hales
717 2807 809 2843 Tho.
830 2806 1049 2852 Laugherne
1073 2805 1163 2843 Lan.
1182 2805 1445 2852 Washyngton
1463 2804 1554 2840 Rob.
1574 2805 1745 2842 Thacker

291 2869 368 2905 Ric.
389 2867 526 2915 Smyth
545 2867 579 2902 N
584 2866 728 2902 icholao
747 2866 876 2902 Bonde
