2008 3216
356 159 440 201 166
937 169 1088 201 GRAcE
1118 169 1243 202 BOOK
1275 171 1304 202 Δ
1679 161 1901 217 [1562-63

354 272 581 309 Conceditur
604 273 667 309 xix
690 272 885 309 Februarii
909 272 1070 308 Ricardo
1094 273 1227 309 Wroth
1249 276 1293 309 vt
1314 273 1484 310 studium
1507 277 1530 310 8
1552 285 1738 310 annorum
1759 274 1799 310 in
1821 274 1902 310 iure

448 332 549 368 civili
573 332 714 379 partim
739 332 779 367 in
806 331 876 367 hac
900 331 1147 368 vniuersitate
1174 333 1314 380 partim
1342 333 1381 369 in
1411 333 1614 369 academiis
1640 333 1905 370 transmarinis

447 403 533 427 cum
551 390 852 438 oppositionibus
868 391 1174 438 responsionibus
1190 394 1229 428 et
1244 392 1329 428 aliis
1345 393 1531 429 exercitiis
1546 404 1613 440 per
1629 393 1745 440 Regia
1757 395 1905 429 statuta

447 450 640 496 requisitis
662 449 898 496 perficiendis
920 450 1019 486 infra
1041 462 1184 486 annum
1208 454 1294 497 post
1315 451 1396 487 eius
1420 451 1686 488 admissionem
1710 451 1782 488 sub
1805 463 1903 499 pena

447 509 525 556 iiijss
549 508 808 555 ponendarum
837 509 877 544 in
906 509 1082 546 manibus
1109 513 1394 557 procuratorum
1418 514 1506 547 ante
1530 511 1612 547 eius
1635 510 1902 547 admissionem

447 569 609 605 sufficiat
630 569 664 604 ei
687 567 735 603 ad
759 567 980 604 intrandum
1005 569 1045 604 in
1069 569 1200 606 eodem
1224 570 1306 606 iure
1354 570 1598 606 Presentatus
1621 582 1689 617 per
1711 569 1902 606 doctorem

448 627 580 673 Harvy
604 638 628 661 v
654 625 783 661 Martii
809 626 951 671 (omnia
974 627 1119 673 peregit
1141 628 1274 675 marq.)

353 687 581 724 Conceditur
598 689 619 722 2
636 685 781 732 Aprilis
798 685 888 721 Tho.
904 685 1024 722 Creke
1040 689 1083 722 vt
1099 686 1270 723 studium
1287 687 1324 723 vi
1341 699 1526 724 annorum
1543 688 1583 723 in
1599 688 1680 724 iure
1696 687 1797 723 civili
1815 699 1901 723 cum

447 744 748 793 oppositionibus
780 745 1088 791 responsionibus
1115 748 1155 781 et
1183 746 1268 782 aliis
1296 747 1482 782 exercitiis
1512 759 1580 794 per
1612 746 1727 793 Regia
1755 749 1903 783 statuta

446 805 640 853 requisitis
664 804 827 840 sufficiat
850 804 885 840 ei
910 804 958 840 ad
983 805 1204 841 intrandum
1229 805 1269 841 in
1293 806 1424 842 eadem
1449 806 1629 842 facultate

351 864 578 901 Conceditur
593 863 715 899 eidem
730 865 773 898 12
790 862 814 898 J
817 863 898 899 unii
911 866 954 899 vt
966 864 1190 911 respondeat
1206 865 1246 900 in
1264 865 1398 902 habitu
1414 864 1652 901 bachalaurei
1669 865 1901 901 authoritate

445 923 648 960 Academie

351 982 579 1020 Conceditur
600 981 678 1028 xiiij
705 980 797 1016 Maii
813 980 837 1016 J
840 992 871 1016 0.
891 980 1032 1016 Barnes
1051 986 1092 1017 vt
1113 982 1284 1018 studium
1301 995 1325 1018 x
1341 995 1526 1020 annorum
1543 983 1583 1019 in
1599 984 1680 1020 iure
1697 984 1797 1019 civili
1814 995 1901 1020 cum

446 1039 746 1090 oppositionibus
770 1043 840 1077 etc.
866 1041 1102 1087 perficiendis
1128 1042 1227 1078 infra
1251 1054 1395 1079 annum
1420 1046 1507 1090 post
1530 1044 1611 1080 eius
1635 1044 1902 1080 admissionem

445 1101 517 1138 sub
540 1113 636 1149 pena
653 1099 713 1147 vjli
730 1100 794 1147 xiij
807 1112 826 1136 s
848 1099 902 1147 iiij
915 1100 940 1136 d
963 1101 1136 1147 ponenda
1158 1103 1197 1138 in
1219 1102 1396 1139 manibus
1415 1106 1700 1150 procuratorum
1716 1106 1805 1139 ante
1821 1103 1902 1140 eius

445 1161 712 1198 admissionem
736 1159 899 1196 sufficiat
924 1160 958 1196 ei
987 1161 1036 1196 ad
1062 1161 1282 1198 intrandum
1309 1163 1348 1198 in
1373 1163 1503 1199 eodem
1528 1164 1609 1200 iure
1658 1164 1901 1200 Presentatus

445 1233 512 1269 per
535 1220 725 1256 doctorem
751 1219 906 1267 Harvye
930 1219 993 1267 ijd⁰
1016 1220 1041 1256 J
1043 1220 1110 1257 ulii
1136 1221 1332 1268 (forisfecit
1356 1224 1489 1271 mary.)

349 1281 578 1319 Conceditur
600 1279 649 1326 xij
674 1279 698 1315 J
701 1279 781 1315 unii
798 1279 929 1315 eadem
945 1280 1067 1326 gratia
1082 1280 1128 1317 de
1145 1280 1259 1317 verbo
1275 1282 1314 1318 in
1332 1281 1489 1318 verbum
1506 1283 1530 1319 J
1532 1294 1564 1319 o.
1584 1283 1741 1330 Meryall
1758 1286 1797 1320 et
1813 1295 1899 1320 cum

445 1341 515 1377 hac
537 1339 752 1376 conditione
767 1341 810 1374 vt
831 1339 1053 1376 convivetur
1075 1340 1115 1376 in
1137 1341 1318 1388 proximis
1340 1342 1504 1378 comitiis
1526 1342 1566 1378 in
1583 1343 1683 1379 Aula
1700 1343 1900 1380 Trinitatis

445 1401 690 1436 Presentatus
707 1410 774 1445 per
789 1398 980 1435 doctorem
1000 1399 1132 1447 Harvy
1148 1400 1210 1436 ii⁶⁰
1226 1401 1250 1437 J
1253 1401 1320 1437 ulii
1338 1401 1533 1447 (forisfecit
1549 1403 1682 1450 mary.)

192 1457 215 1495 f.
241 1458 292 1497 70
307 1470 331 1496 a
349 1460 578 1498 Conceditur
602 1458 651 1505 xij
678 1457 785 1494 Junii
810 1457 868 1494 Jo.
896 1458 1110 1495 Standeven
1137 1463 1179 1496 vt
1208 1461 1377 1498 studium
1407 1465 1429 1497 5
1453 1473 1638 1498 annorum
1667 1466 1707 1498 et
1735 1462 1901 1510 practica

443 1518 603 1554 aliorum
625 1517 793 1564 quinque
815 1529 999 1553 annorum
1022 1517 1062 1553 in
1084 1519 1165 1554 iure
1186 1519 1287 1555 civili
1307 1531 1395 1556 cum
1415 1520 1714 1567 oppositionibus
1730 1523 1800 1557 etc.
1818 1533 1899 1568 per-

443 1579 612 1616 ficiendis
628 1579 727 1615 infra
742 1590 886 1615 annum
903 1582 989 1626 post
1008 1578 1091 1615 eius
1112 1578 1379 1615 admissionem
1402 1579 1474 1616 sub
1495 1591 1593 1627 pena
1610 1579 1668 1627 ij
1691 1580 1755 1628 xiij
1767 1592 1786 1617 s
1808 1579 1899 1627 iiijd

442 1638 616 1686 ponenda
637 1639 678 1674 in
700 1638 876 1674 manibus
896 1641 1183 1686 procuratorum
1200 1641 1289 1674 ante
1305 1638 1387 1674 eius
1402 1637 1669 1675 admissionem
1686 1639 1849 1676 sufficiat
1865 1640 1899 1676 ei

441 1698 489 1734 ad
512 1697 733 1734 intrandum
753 1697 793 1733 in
813 1696 944 1733 eodem
961 1697 1042 1733 iure
1058 1697 1112 1733 sic
1130 1699 1172 1733 vt
1187 1698 1410 1734 convivetur
1425 1697 1464 1733 in
1482 1698 1662 1745 proximis
1678 1698 1842 1735 comitiis
1859 1699 1899 1735 in

442 1756 543 1792 Aula
559 1755 668 1792 Clare
718 1756 961 1792 Presentatus
979 1754 1041 1803 ijdo
1057 1755 1081 1793 J
1084 1755 1152 1792 ulii
1170 1755 1365 1803 (forisfecit
1382 1759 1421 1792 et
1437 1756 1551 1792 solvit
1568 1757 1699 1805 mary.)

347 1814 575 1851 Conceditur
603 1815 688 1862 iiijw
713 1815 736 1851 J
740 1815 806 1851 ulii
835 1815 928 1851 Tho.
958 1814 1148 1851 Horsman
1178 1815 1278 1851 socio
1303 1814 1402 1851 Aule
1431 1815 1631 1852 Trinitatis
1656 1818 1700 1852 vt
1727 1816 1898 1853 studium

441 1874 477 1921 vj
496 1886 682 1910 annorum
703 1874 742 1910 in
765 1874 845 1910 iure
868 1874 969 1910 civili
993 1885 1080 1910 cum
1103 1873 1403 1921 oppositionibus
1425 1874 1731 1922 responsionibus
1752 1878 1792 1912 et
1813 1876 1899 1912 aliis

441 1934 629 1970 exercitiis
650 1945 717 1981 per
739 1933 856 1980 Regia
872 1936 1020 1969 statuta
1037 1933 1231 1980 requisitis
1248 1933 1483 1980 perficiendis
1499 1936 1588 1970 ante
1605 1934 1745 1970 festum
1762 1934 1897 1971 nativi·

440 1993 535 2029 tatis
557 1993 710 2029 Domini
733 1992 947 2040 proximum
969 1991 1040 2028 sub
1058 2003 1155 2039 pena
1171 1990 1230 2039 vj¹¹
1248 1991 1311 2040 xiij
1324 2004 1343 2028 s
1365 1992 1418 2040 iiij
1431 1992 1456 2028 d
1478 1992 1650 2039 ponenda
1667 1993 1706 2029 in
1724 1993 1899 2030 manibus

440 2055 725 2099 procuratorum
754 2054 844 2087 ante
872 2051 953 2087 eius
980 2050 1247 2087 admissionem
1276 2051 1438 2087 sufficiat
1467 2052 1500 2088 ei
1529 2052 1576 2088 ad
1610 2052 1829 2089 intrandum
1858 2053 1898 2088 in

439 2110 570 2147 eodem
596 2111 676 2147 iure
727 2110 971 2147 Presentatus
995 2121 1063 2157 per
1088 2109 1277 2146 doctorem
1296 2109 1428 2157 Harvy
1444 2109 1575 2146 eodem
1597 2111 1739 2156 (omnia
1755 2111 1898 2158 peregit

438 2171 571 2218 mar-9⁷.)

687 2361 850 2404 Doctor
880 2360 925 2404 in
958 2360 1174 2405 medicina
1203 2361 1260 2419 vij
1294 2361 1407 2405 Julii
1442 2363 1554 2405 1563

343 2464 572 2501 Conceditur
597 2465 777 2512 magistro
805 2464 877 2502 Lee
901 2465 961 2502 cui
987 2465 1242 2513 superioribus
1265 2465 1398 2502 diebus
1423 2477 1597 2502 concessa
1621 2468 1680 2503 est
1703 2467 1824 2514 gratia
1847 2466 1895 2504 ad

439 2524 693 2572 incipiendum
717 2525 756 2561 in
780 2524 967 2562 medicina
988 2525 1054 2561 sed
1077 2529 1231 2573 propter
1251 2525 1472 2572 gravissima
1489 2526 1640 2572 negocia
1656 2537 1730 2561 non
1749 2528 1897 2573 poterat

438 2581 568 2619 messe
598 2583 636 2619 in
665 2583 831 2620 comitiis
855 2587 898 2620 vt
923 2583 1093 2621 studium
1119 2583 1169 2631 vij
1197 2595 1381 2620 annorum
1411 2583 1449 2619 in
1480 2583 1666 2620 medicina
1694 2586 1894 2632 postquam

440 2641 576 2677 rexerit
605 2641 643 2677 in
672 2640 820 2678 artibus
845 2653 932 2678 cum
961 2641 1261 2690 oppositionibus
1289 2641 1594 2690 responsionibus
1620 2645 1659 2679 et
1685 2643 1769 2679 aliis
1795 2654 1894 2679 exer-

437 2700 539 2736 citiis
560 2712 625 2748 por
648 2701 762 2748 Regia
782 2704 930 2738 statuta
953 2701 1145 2749 requisitis
1162 2701 1397 2750 perficiendis
1413 2705 1502 2738 ante
1519 2701 1658 2738 festum
1679 2701 1894 2739 natiuitatis

441 2758 589 2795 Domini
620 2759 831 2807 proximum
861 2759 934 2796 sub
963 2771 1059 2807 pena
1084 2766 1118 2796 c·
1144 2758 1315 2807 ponenda
1343 2760 1381 2796 in
1409 2758 1583 2796 manibus
1610 2763 1892 2808 procuratorum

436 2821 525 2854 anta
547 2818 629 2854 eius
650 2818 917 2855 admissionem
940 2818 1103 2855 sufficiat
1122 2819 1155 2855 ei
1177 2818 1224 2855 ad
1249 2818 1503 2866 incipiendum
1522 2818 1560 2855 in
1578 2818 1763 2855 medicina
1780 2819 1834 2856 ita
1851 2822 1894 2856 vt

436 2877 517 2913 eius
539 2876 719 2914 admissio
740 2882 817 2914 stet
839 2889 907 2925 pro
928 2877 1126 2925 completis
1148 2877 1266 2925 gradu
1289 2881 1328 2914 et
1350 2878 1469 2915 forma
1489 2878 1528 2914 in
1548 2878 1677 2915 eodem
1695 2878 1749 2915 sic
1765 2881 1893 2915 tamen
