1976 3276
287 183 370 226 236
873 195 1025 227 GRACE
1056 195 1181 227 BOOK
1212 194 1242 225 Δ
1611 181 1833 239 [1569-70

734 441 1020 483 Bachalaurei
1052 441 1097 483 in
1125 441 1226 497 jure
1257 440 1373 482 civili

285 554 514 590 Conceditur
530 558 568 590 2⁰
584 554 690 590 Junii
715 554 816 600 Step.
838 554 1048 601 Brynckley
1066 558 1107 590 vt
1130 555 1300 590 studium
1319 558 1340 589 5
1358 565 1542 589 annorum
1566 553 1605 588 in
1630 547 1710 588 iure
1731 551 1834 588 civili

377 614 540 649 sufficiat
568 614 601 648 ei
630 613 678 648 ad
707 612 930 648 intrandum
959 613 999 648 in
1029 613 1158 648 eodem
1188 613 1269 648 iure
1297 613 1351 648 sic
1381 616 1423 648 vt
1450 614 1575 647 vestra
1607 611 1833 647 auctoritate

376 671 602 718 respondeat
623 672 664 707 in
686 671 821 707 habitu
842 671 1080 708 bachalaurei
1107 673 1147 707 in
1173 672 1353 718 proximis
1375 671 1540 707 comitiis
1590 671 1833 706 Presentatus

376 730 506 766 eodem
523 742 590 777 per
605 730 796 766 doctorem
814 731 956 766 Harvie

282 789 510 825 Conceditur
529 789 660 825 eodem
676 789 700 825 J
705 801 734 826 ο.
754 789 945 825 Oai-dinall
962 793 1005 826 vt
1021 789 1193 825 studium
1211 792 1232 824 5
1250 801 1438 825 annorum
1459 789 1498 825 in
1518 789 1600 825 iure
1622 788 1724 825 civili
1744 799 1832 824 cum

376 848 680 896 opposicionibus
696 849 1003 895 responsionibus
1019 852 1058 885 et
1074 849 1159 885 aliis
1176 850 1363 885 exercitiis
1384 861 1452 896 per
1473 852 1620 885 statuta
1639 847 1834 895 requisitis

376 908 611 954 perficiendis
633 908 732 944 infra
754 920 898 944 annum
920 921 987 945 sue
1009 909 1250 945 admissionis
1275 908 1346 945 sub
1371 921 1468 956 pena
1494 908 1528 955 vj
1542 909 1569 947 li
1594 907 1768 955 ponenda
1791 907 1831 942 in

374 966 550 1002 manibus
566 972 853 1014 procuratorum
870 971 960 1003 ante
979 968 1061 1003 eius
1081 967 1351 1003 admissionem
1374 967 1537 1003 sufficiat
1559 967 1595 1003 ei
1617 967 1665 1003 ad
1688 967 1832 1002 intran-

373 1025 467 1061 dum
496 1026 535 1061 in
563 1025 695 1062 eadem
723 1026 906 1063 facultate
956 1028 1200 1063 Presentatus
1226 1027 1357 1063 eodem
1384 1039 1451 1073 per
1479 1027 1672 1063 doctorem
1700 1026 1833 1072 Harvy

376 1085 540 1131 (Peregit
564 1086 692 1121 omnia
717 1086 850 1133 mary.)

281 1144 422 1180 Eadem
439 1146 561 1191 gratia
577 1157 663 1181 cum
681 1145 807 1181 studio
826 1147 847 1182 7
864 1158 1051 1182 annorum
1068 1146 1287 1182 conceditur
1305 1149 1350 1182 10
1366 1146 1389 1182 J
1394 1146 1472 1182 unii
1490 1146 1514 1181 J
1517 1145 1658 1182 ohanni
1675 1145 1833 1181 Warner

374 1207 414 1238 et
431 1203 539 1240 Edm.
560 1204 681 1239 Harvi
736 1204 948 1240 presentati
965 1205 1097 1241 eodem
1113 1217 1181 1252 per
1197 1205 1388 1241 doctorem
1407 1205 1541 1241 Olarke
1589 1205 1834 1251 (peregerunt

375 1263 503 1298 omnia
528 1264 661 1310 mary.)

773 1483 983 1525 Doctores
1015 1483 1060 1525 in
1083 1482 1187 1540 jure
1218 1483 1338 1526 civili

278 1598 506 1635 Conceditur
531 1602 575 1635 10
599 1599 729 1635 Martii
750 1599 931 1645 magistro
956 1598 1120 1635 Roberto
1138 1599 1280 1646 Bishop
1297 1602 1340 1636 vt
1356 1598 1528 1635 studium
1546 1602 1568 1635 6
1585 1610 1771 1635 annorum
1788 1598 1828 1634 in

366 1658 452 1704 jure
476 1657 579 1693 civili
604 1662 806 1704 postquam
833 1657 970 1693 rexerit
996 1657 1035 1692 in
1060 1657 1208 1693 artibus
1232 1669 1318 1693 cum
1346 1657 1650 1704 opposicionibus
1678 1670 1830 1705 respon-

370 1716 542 1752 sionibus
557 1719 597 1752 et
613 1717 699 1752 aliis
715 1716 904 1752 exercitiis
921 1728 988 1763 per
1004 1719 1152 1752 statuta
1171 1717 1366 1763 requisitis
1385 1717 1549 1753 sufficiat
1571 1717 1604 1753 ei
1627 1716 1675 1753 ad
1699 1717 1830 1764 incipi-

370 1775 509 1811 endum
527 1776 566 1811 in
583 1774 714 1811 eodem
733 1775 813 1811 iure
864 1775 1107 1811 Presentatus
1123 1775 1254 1811 eodem
1272 1787 1339 1822 per
1355 1774 1545 1812 doctorem
1564 1775 1699 1812 Olarke

277 1834 506 1870 Conceditur
525 1837 570 1870 10
586 1834 692 1870 Junii
717 1835 897 1881 magistro
919 1835 1009 1870 Tho.
1031 1835 1158 1882 Bynge
1182 1838 1224 1871 vt
1246 1835 1417 1871 studium
1441 1837 1461 1872 7
1482 1847 1668 1871 annorum
1690 1836 1729 1871 in
1751 1835 1831 1871 iure

371 1893 472 1929 civili
503 1896 706 1940 postquam
737 1893 874 1929 rexerit
904 1893 942 1929 in
972 1893 1120 1929 artibus
1149 1906 1235 1930 cum
1266 1893 1566 1941 oppositionibus
1599 1897 1658 1930 etc
1690 1894 1830 1941 partim

372 1953 535 2000 peractis
552 1953 691 2000 partim
709 1953 928 1999 peragendis
946 1953 1043 1989 infra
1060 1965 1202 1989 annum
1221 1965 1287 1989 sue
1303 1953 1543 1990 admissionis
1559 1953 1631 1989 sub
1653 1965 1749 2000 pena
1770 1966 1792 1989 x
1804 1953 1831 1989 li

373 2012 546 2060 ponenda
563 2012 602 2048 in
621 2012 797 2048 manibus
814 2016 1099 2058 procuratorum
1117 2015 1207 2049 ante
1224 2013 1305 2049 eius
1321 2013 1590 2049 admissionem
1612 2013 1774 2048 sufficiat
1795 2013 1830 2048 ei

371 2071 420 2108 ad
437 2071 694 2119 incipiendum
712 2071 751 2106 in
768 2070 899 2107 eodem
918 2072 998 2107 iure
1014 2072 1068 2107 sic
1086 2075 1127 2108 vt
1144 2072 1225 2108 eius
1242 2071 1421 2107 admissio
1442 2075 1519 2107 stet
1543 2083 1610 2119 pro
1634 2072 1831 2119 completis

371 2130 487 2176 gradu
501 2133 540 2166 et
555 2130 676 2166 forma
692 2129 911 2166 doctoratus
929 2130 966 2166 in
984 2130 1114 2166 eadem
1133 2130 1314 2166 facultate
1364 2131 1608 2167 Presentatus
1621 2131 1749 2167 eodem
1764 2142 1831 2178 per

371 2189 562 2226 doctorem
580 2190 715 2226 Clarke

743 2421 1030 2465 Bachalaurei
1062 2422 1107 2466 in
1140 2422 1362 2481 theologia

276 2534 502 2572 (hmoeditur
521 2538 563 2573 17
580 2534 708 2572 Martii
728 2535 893 2573 Henrico
911 2536 1075 2573 Holland
1093 2540 1136 2573 vt
1151 2536 1322 2574 studium
1342 2540 1363 2573 5
1381 2548 1567 2573 annorum
1586 2537 1623 2573 in
1643 2537 1828 2586 theologia

370 2598 569 2642 postquam
594 2594 730 2631 rexerit
750 2594 789 2631 in
810 2594 957 2632 artibus
981 2607 1068 2632 cum
1093 2595 1396 2643 oppositionibus
1419 2596 1728 2643 responsionibus
1751 2609 1826 2634 ser-

371 2652 546 2689 monibus
568 2656 608 2689 et
629 2652 714 2689 aliis
735 2653 924 2689 exercitiis
945 2665 1011 2701 per
1034 2657 1183 2690 statuta
1208 2653 1402 2701 requisitis
1425 2654 1589 2691 sufficiat
1613 2654 1646 2691 ei
1673 2658 1752 2691 tam
1778 2655 1827 2693 ad

369 2711 634 2760 opponendum
662 2723 779 2759 quam
808 2711 855 2749 ad
885 2711 1104 2748 intrandum
1135 2712 1173 2748 in
1203 2724 1309 2749 sacra
1337 2712 1523 2760 theologia
1583 2713 1827 2751 Presentatus

373 2774 417 2807 10
439 2771 545 2807 Junii
573 2783 638 2819 per
660 2770 852 2808 doctorem
881 2771 1089 2819 whitgysto

278 2829 416 2867 Emloni
437 2830 559 2877 gratia
578 2830 796 2867 conceditur
824 2832 867 2867 10
891 2830 1034 2878 Aprilis
1058 2830 1237 2877 magistro
1261 2830 1463 2867 Laurentio
1487 2831 1690 2868 Barnewell
1741 2831 1825 2868 Pre-

368 2893 542 2926 mutatus
560 2900 625 2937 per
641 2888 831 2926 doctorem
851 2888 1062 2936 Whitgyftc
