2008 3216
163 137 381 194 1559-60]
745 146 898 179 saaca
927 146 1051 178 BOOK
1084 146 1114 178 A
1625 133 1708 174 143

619 435 931 480 Bacchalaurei
961 435 1006 478 in
1039 434 1259 491 theologia

166 576 395 613 Conceditur
411 578 458 612 20
480 574 655 612 Octobris
672 574 852 621 magistro
870 572 992 610 Kelke
1013 575 1056 608 vt
1079 571 1250 608 studium
1275 574 1319 608 12
1342 582 1528 607 annorum
1551 570 1591 606 in
1613 568 1718 604 theo-

261 636 358 683 logia
373 639 577 683 postquam
593 634 732 671 rexerit
748 634 788 670 in
805 633 952 670 artibus
968 644 1055 669 cum
1071 632 1352 679 dispensatione
1365 631 1605 667 visitatorum
1618 628 1718 665 suffi-

259 695 335 730 ciat
351 694 385 730 ei
405 694 454 730 ad
471 693 693 730 intrandum
710 693 750 728 in
774 691 905 728 eadem
922 693 961 727 et
982 691 1064 727 eius
1080 690 1258 727 admissio
1280 691 1332 727 sit
1354 690 1409 726 illi
1431 701 1500 737 pro
1521 688 1719 736 completis

261 752 380 800 gradu
397 755 436 789 et
451 753 574 788 forma
589 753 643 788 sic
660 754 703 788 vt
719 751 928 787 satisfaciat
945 749 1119 786 omnibus
1141 750 1299 786 statutis
1321 749 1480 797 privatis
1503 751 1540 784 et
1557 746 1720 795 publicis

260 814 350 848 ante
377 811 531 847 comitia
555 811 726 858 proxima
754 812 794 846 et
826 809 1048 846 conviuetur
1072 808 1144 845 sub
1170 821 1267 856 pena
1295 808 1372 855 iiiju
1397 807 1654 856 ponendarum
1679 806 1719 841 in

262 870 437 907 manibus
453 873 741 917 procuratorum
757 872 847 906 ante
863 869 944 905 eius
960 868 1227 904 admissionem
1244 868 1338 904 alias
1360 868 1442 904 eius
1457 866 1637 903 admissio
1654 866 1720 901 fiat

261 930 370 966 irrita
467 929 615 976 Peregit
639 929 766 965 omnia

169 1026 399 1063 Conceditur
425 1029 468 1062 15
493 1025 666 1062 Januarii
700 1024 880 1071 magistro
913 1023 1130 1060 Beamound
1159 1027 1202 1060 vt
1226 1023 1395 1060 studium
1425 1024 1446 1060 7
1471 1034 1656 1058 annorum
1681 1021 1720 1057 in
1742 1021 1768 1059 f.
1793 1021 1845 1058 58
1860 1033 1883 1057 a

264 1084 452 1130 theologia
480 1086 682 1131 postquam
708 1083 844 1119 rexerit
869 1083 908 1118 in
941 1081 1088 1118 artibus
1120 1094 1207 1118 cum
1240 1081 1539 1129 oppositionibus
1571 1091 1720 1127 respon-

262 1142 432 1179 sionibus
460 1142 695 1179 sermonibus
722 1144 762 1178 et
789 1141 874 1177 aliis
903 1141 1091 1177 exercitiis
1124 1152 1191 1188 per
1222 1141 1323 1187 regia
1354 1143 1502 1176 statuta
1530 1139 1722 1186 requisitis

263 1202 499 1249 perficiendis
531 1201 630 1237 infra
661 1212 805 1236 annum
833 1199 905 1236 sub
933 1211 1031 1247 pena
1063 1211 1083 1234 c
1112 1211 1131 1234 s
1160 1199 1332 1247 ponenda
1360 1200 1400 1235 in
1434 1198 1610 1235 manibus
1638 1209 1720 1244 pro-

263 1263 478 1296 curatorum
508 1259 670 1296 sufficiat
697 1259 731 1294 ei
762 1258 810 1294 ad
839 1258 1059 1294 intrandum
1089 1258 1128 1293 in
1157 1258 1287 1294 eadem
1317 1259 1372 1294 ita
1404 1262 1446 1294 vt
1474 1258 1556 1293 eius
1583 1256 1721 1293 admis-

265 1321 321 1356 sio
353 1323 430 1356 stet
461 1320 495 1355 ei
528 1331 596 1366 pro
628 1318 825 1365 completis
858 1318 978 1354 forma
1010 1320 1049 1353 et
1081 1317 1198 1364 gradu
1231 1318 1285 1353 sic
1318 1320 1446 1353 tamen
1477 1321 1519 1353 vt
1551 1316 1721 1352 convive-

267 1382 332 1416 tur
359 1382 398 1416 et
423 1379 491 1415 hec
517 1379 644 1415 omnia
670 1380 824 1425 peragat
853 1377 946 1413 alias
974 1377 1055 1413 eius
1083 1377 1263 1413 admissio
1292 1377 1344 1412 sit
1370 1377 1478 1413 irrita
1576 1375 1722 1421 Peregit

268 1438 394 1474 omnia

173 1495 401 1532 Conceditur
425 1497 448 1532 9
477 1494 669 1530 Februarii
704 1494 884 1541 magistro
914 1493 1117 1541 Robynson
1147 1496 1189 1530 vt
1215 1493 1386 1529 studium
1414 1495 1434 1531 7
1468 1504 1653 1528 annorum
1686 1492 1725 1527 in

269 1555 456 1601 theologia
479 1556 682 1601 postquam
716 1554 853 1590 rexerit
882 1553 921 1589 in
954 1553 1100 1589 artibus
1133 1565 1219 1589 cum
1246 1552 1548 1600 oppositionibus
1576 1564 1726 1599 respon-

269 1614 438 1650 sionibus
470 1617 509 1648 et
541 1613 626 1649 aliis
658 1613 846 1648 exercitiis
878 1624 945 1659 per
971 1612 1071 1658 regia
1099 1614 1247 1648 statuta
1274 1612 1465 1658 requisitis
1493 1611 1727 1658 perficiendis

271 1673 370 1708 infra
395 1685 536 1709 annum
563 1671 635 1707 sub
661 1683 758 1719 pena
786 1683 839 1706 cs
872 1671 1128 1718 ponendorum
1163 1672 1200 1706 in
1237 1671 1411 1707 manibus
1443 1673 1726 1718 procuratorum

270 1732 432 1768 sufficiat
464 1732 498 1766 ei
531 1731 578 1767 ad
618 1730 881 1777 opponendum
916 1733 955 1766 et
988 1730 1206 1766 intrandum
1245 1730 1282 1765 in
1322 1729 1452 1765 eadem
1486 1730 1540 1764 ita
1573 1733 1615 1765 vt
1647 1729 1729 1764 eius

268 1791 448 1827 admissio
464 1794 542 1826 stet
558 1791 591 1826 ei
610 1802 677 1837 pro
694 1790 892 1837 completis
910 1790 1030 1825 forma
1047 1792 1086 1824 et
1103 1789 1219 1835 gradu
1237 1789 1291 1823 sic
1309 1793 1436 1824 tamen
1451 1792 1493 1824 vt
1509 1789 1730 1823 convivetur

272 1848 324 1886 et'
343 1853 466 1886 cetera
498 1849 625 1885 omnia
651 1851 805 1896 peragat
839 1848 944 1884 iuxta
972 1848 1160 1883 academie
1188 1847 1497 1883 consuetudinem
1530 1848 1624 1883 alias
1648 1848 1728 1882 eius

269 1909 448 1944 admissio
473 1908 524 1943 sit
547 1908 655 1943 irrita
754 1907 900 1953 Peregit
924 1907 1050 1942 omnia

177 1967 404 2004 Conceditur
419 1967 549 2003 codem
566 1967 745 2012 magistro
767 1967 966 2013 Farmerye
983 1969 1025 2001 vt
1046 1965 1216 2001 studium
1241 1966 1261 2003 7
1284 1977 1469 2000 annorum
1487 1965 1526 2000 in
1544 1965 1730 2011 theologia

271 2031 472 2074 postquam
504 2026 641 2062 rexerit
673 2026 712 2061 in
745 2025 892 2062 artibus
915 2037 1002 2061 cum
1034 2025 1334 2072 oppositionibus
1362 2024 1667 2072 responsionibus
1691 2027 1730 2060 et

272 2086 357 2122 aliis
381 2084 567 2121 exercitiis
590 2096 658 2132 per
681 2085 782 2131 regia
806 2087 953 2120 statuta
977 2085 1170 2131 requisitis
1199 2084 1434 2130 perficiendis
1462 2086 1552 2120 ante
1577 2084 1731 2119 comitia

275 2144 446 2192 proxima
461 2143 533 2179 sub
555 2155 653 2191 pena
670 2143 731 2190 vj¹¹
753 2143 816 2190 xiij
829 2156 848 2178 s
870 2143 960 2190 iiijd
983 2143 1157 2190 ponenda
1182 2144 1221 2179 in
1244 2143 1421 2179 manibus
1445 2146 1729 2190 procuratorum

275 2207 363 2240 ante
395 2203 476 2239 eius
507 2202 774 2238 admissionem
808 2202 971 2238 sufficiat
999 2202 1033 2237 ei
1063 2201 1111 2237 ad
1140 2200 1404 2249 opponendum
1437 2204 1477 2237 et
1510 2201 1729 2237 intrandum

275 2263 314 2299 in
339 2262 469 2298 eadem

181 2322 408 2359 Conceditur
426 2322 468 2358 17
488 2320 580 2356 Maii
594 2320 773 2367 magistro
787 2320 995 2356 Stevenson
1010 2321 1051 2355 vt
1068 2318 1237 2354 studium
1256 2320 1276 2356 7
1290 2330 1475 2354 annorum
1489 2318 1528 2354 in
1545 2318 1731 2364 theologia

276 2385 477 2429 postquam
504 2380 641 2416 rexerit
670 2380 710 2415 in
742 2379 888 2415 artibus
916 2391 1003 2414 cum
1030 2377 1336 2425 responsionibus
1365 2377 1664 2425 oppositionibus
1692 2381 1732 2412 et

276 2440 512 2477 sermonibus
528 2451 595 2487 per
611 2441 758 2476 statuta
774 2439 874 2486 regia
896 2439 1089 2485 requisitis
1106 2437 1340 2485 perficiendis
1362 2437 1460 2472 infra
1481 2449 1623 2473 annum
1647 2440 1733 2484 post

276 2500 356 2535 eius
372 2498 638 2535 admissionem
655 2498 728 2534 sub
744 2509 840 2544 pena
857 2497 991 2543 viginti
1016 2497 1199 2533 nobilium
1222 2496 1478 2543 ponendorum
1496 2496 1535 2531 in
1558 2495 1733 2531 manibus

278 2560 561 2604 procuratorum
593 2558 683 2592 ante
715 2556 796 2592 eius
827 2555 1095 2591 admissionem
1127 2555 1289 2591 sufficiat
1317 2555 1351 2590 ei
1376 2555 1423 2590 ad
1449 2555 1668 2590 intrandum
1695 2555 1732 2590 in

276 2628 382 2652 sacra
405 2615 592 2662 theologia
686 2613 888 2651 Adinissus
913 2614 1043 2651 eodem

184 2675 412 2712 Conceditur
434 2678 455 2710 5
476 2675 500 2711 J
504 2675 569 2710 ulii
591 2674 771 2721 magistro
794 2675 904 2722 Maye
926 2677 970 2710 vt
991 2674 1161 2709 studium
1185 2677 1205 2711 7
1229 2685 1413 2710 annorum
1438 2674 1479 2709 in
1501 2685 1606 2709 sacra
1628 2674 1732 2709 theo-

278 2735 375 2781 logia
391 2738 593 2781 postquam
609 2733 747 2770 rexerit
768 2734 808 2769 in
831 2733 978 2769 artibus
1000 2745 1086 2768 cum
1109 2731 1409 2780 oppositionibus
1430 2732 1734 2778 responsionibus

278 2793 514 2831 sermonibus
529 2796 570 2829 et
585 2793 671 2828 aliis
693 2793 880 2828 exercitiis
902 2804 969 2838 per
989 2792 1091 2838 regia
1112 2795 1260 2828 statuta
1282 2791 1475 2838 requisitis
1499 2791 1734 2838 perficiendis

280 2856 369 2890 ante
385 2853 554 2902 proxima
570 2853 724 2890 comitia
741 2851 812 2887 sub
828 2863 926 2900 pena
948 2854 995 2887 20
1018 2851 1199 2887 nobilium
1223 2850 1479 2899 ponendorum
1503 2851 1541 2887 in
1559 2850 1734 2888 manibus
