2008 3216
177 119 396 175 1561-62]
750 130 902 162 GRACE
934 130 1058 163 Boon
1090 130 1119 161 Δ
1639 121 1722 162 159

175 233 402 271 Conceditur
425 235 487 271 xvi
510 235 684 272 Octobris
703 237 746 271 vt
765 236 944 282 magister
964 236 1037 271 Par
1058 235 1202 282 collegii
1226 235 1331 280 Regii
1355 235 1649 281 viceprepositus
1673 235 1725 271 sit
1743 231 1770 268 f.
1795 230 1845 267 66
1865 243 1889 267 a

269 306 367 330 vnus
383 306 427 330 ex
447 294 744 342 predicatoribus
761 295 831 331 hoc
852 307 952 331 anno
968 307 1035 342 per
1056 295 1287 331 academiam
1309 294 1528 330 emittendis
1549 298 1589 331 et
1613 307 1726 342 super

269 353 339 389 hac
355 355 480 390 vestra
495 354 731 390 concessione
747 354 876 390 literas
893 354 1030 390 habeat
1046 354 1261 401 obsignatas
1277 353 1399 399 sigillo
1416 354 1607 389 communi

173 408 314 444 Eadem
332 409 453 455 gratia
469 409 686 445 conceditur
708 410 838 446 eodem
862 410 1041 456 magistro
1059 409 1215 457 Gybbys
1238 421 1358 456 nuper
1382 410 1525 456 collegii
1549 410 1725 457 Corporis

267 467 408 504 Christi
425 469 525 504 socio
542 469 720 515 magistro
739 469 1016 516 Hetherington
1036 472 1166 506 sancte
1183 469 1383 506 Trinitatis
1405 469 1548 516 collegii
1565 470 1664 506 socio
1686 473 1725 505 et

268 526 345 573 xiiij
366 526 593 563 Novembris
610 527 790 573 magistro
807 527 977 574 Shepard

174 585 315 622 Eadem
343 586 464 632 gratia
493 586 711 622 conceditur
735 587 813 622 xv¹⁴⁰
840 587 931 623 Maii
962 588 1141 634 magistro
1169 588 1246 623 Ric.
1275 587 1519 634 Longeworth
1547 588 1726 634 magistro

267 645 291 680 J
293 656 324 680 o.
346 645 585 692 Pylkyngton
678 652 741 680 xx⁰
758 646 781 681 J
785 646 865 681 unii
882 646 1063 692 magistro
1079 647 1136 683 Jo.
1150 647 1307 693 Younge
1324 647 1505 693 magistro
1522 647 1579 682 W.
1593 647 1726 682 Birche

267 706 306 740 et
323 703 414 740 Tho.
435 705 585 751 Pennye
629 706 669 740 et
686 704 803 751 xxvij⁰
819 705 843 741 J
846 705 926 740 unii
944 705 1124 751 magistro
1141 705 1164 741 J
1167 717 1199 741 0.
1220 705 1404 741 Beamont

173 761 398 799 Conceditur
430 763 490 810 xvj
526 763 701 799 Octobris
729 767 772 799 vt
805 764 976 810 magistri
1007 764 1127 800 Kelke
1158 765 1311 812 Lakyne
1341 764 1542 801 Edwardes
1571 765 1728 811 Younge

267 824 306 858 et
331 822 574 868 Longeworth
603 822 683 858 sint
707 823 850 859 iudices
874 823 1033 869 delegati
1061 823 1098 859 in
1125 835 1238 859 causa
1262 823 1527 870 appellacionis
1556 824 1725 870 magistri

266 879 448 916 Sherman
478 881 533 917 sic
566 884 607 917 vt
637 881 756 917 maior
783 893 871 928 pars
898 893 1028 918 eorum
1055 882 1268 919 consentiat
1296 882 1393 918 citra
1418 882 1519 919 diem
1549 882 1725 919 Mercurii

266 939 479 986 proximum

172 998 398 1036 Conceditur
418 1009 496 1036 'xxv
521 998 697 1043 Octobris
726 1002 768 1035 vt
794 1000 972 1046 magister
999 1000 1184 1036 Beamont
1213 1000 1392 1046 magister
1419 1000 1562 1046 collegii
1588 1000 1726 1036 Sancte

267 1057 467 1094 Trinitatis
487 1060 528 1094 et
550 1057 728 1104 magister
753 1057 931 1094 Hawford
955 1058 1033 1094 sint
1056 1057 1198 1094 iudices
1219 1057 1379 1104 delegati
1403 1058 1442 1093 iu
1467 1069 1580 1093 causa
1599 1058 1725 1105 appel-

265 1115 421 1152 lacionis
438 1116 607 1162 magistri
631 1115 824 1152 Badcocke
847 1116 926 1152 vice
942 1118 981 1152 et
1004 1116 1155 1152 nomine
1177 1116 1341 1153 doctoris
1365 1116 1482 1164 Porye
1498 1120 1538 1152 et
1555 1117 1725 1164 magistri

267 1174 388 1223 Ledys
403 1175 620 1211 absentium

171 1232 398 1270 Conceditur
429 1233 559 1269 eodem
589 1236 631 1269 vt
661 1232 831 1270 doctores
865 1233 1012 1270 Gascon
1042 1233 1195 1270 Walker
1227 1237 1266 1270 et
1299 1234 1455 1270 Bounde
1484 1238 1523 1270 et
1556 1234 1726 1281 magistri

263 1293 404 1340 Stokys
420 1296 459 1329 et
477 1292 656 1330 Hawford
669 1293 748 1329 sint
765 1292 908 1330 iudices
923 1294 1082 1341 delegati
1100 1294 1139 1330 in
1153 1305 1266 1330 causa
1279 1294 1542 1342 appellationis
1555 1294 1726 1341 magistri

265 1351 408 1388 Thome
433 1353 552 1399 Legge

169 1411 396 1449 Conceditur
418 1412 495 1459 xiiij
522 1411 747 1448 Novembris
772 1414 815 1448 vt
837 1413 1016 1459 magister
1038 1412 1268 1460 Vxembridg
1292 1412 1413 1460 possit
1437 1412 1575 1448 habere
1599 1413 1727 1449 omnia

263 1470 345 1507 iura
358 1470 556 1518 pensiones
568 1470 764 1507 commoda
776 1475 815 1507 et
829 1471 1023 1518 privilegia
1039 1483 1114 1518 que
1125 1471 1174 1508 ad
1186 1471 1350 1508 officium
1363 1472 1523 1507 oratoris
1536 1471 1727 1518 pertinent

264 1532 343 1566 tam
367 1529 493 1577 amplo
518 1529 629 1566 modo
652 1542 768 1577 quam
790 1531 903 1567 ceteri
928 1530 1144 1567 habuenmt
1166 1531 1232 1578 qui
1257 1534 1348 1567 ante
1370 1542 1457 1566 eum
1479 1531 1550 1567 hoc
1572 1542 1726 1567 munere

263 1589 384 1626 functi
409 1592 500 1626 sunt

168 1648 396 1685 Conceditur
419 1648 548 1685 eodem
576 1652 618 1685 vt
642 1649 773 1685 doctor
798 1649 871 1685 Car
897 1649 1069 1695 magistri
1099 1649 1211 1685 Some
1234 1652 1274 1685 et
1299 1649 1451 1685 Hutton
1476 1649 1555 1685 sint
1583 1649 1726 1685 iudices

262 1707 421 1755 delegati
445 1709 485 1744 in
510 1721 623 1745 causa
647 1709 911 1756 appellationis
935 1709 1107 1756 magistri
1132 1708 1223 1745 Tho.
1252 1709 1372 1756 Legge
1396 1721 1482 1745 cum
1508 1709 1725 1746 doctoribus

262 1767 435 1816 Gascoyn
459 1771 498 1804 et
523 1768 676 1805 Walker
700 1771 855 1816 propter
877 1768 1091 1805 absentiam
1116 1768 1280 1805 doctoris
1305 1768 1439 1804 Bound
1461 1771 1502 1804 et
1523 1768 1724 1815 magistros

254 1815 398 1863 ‘stokes
430 1830 469 1863 et
496 1827 675 1863 Hawford
700 1828 754 1864 sic
778 1831 821 1864 vt
845 1828 965 1864 maior
997 1839 1085 1875 pars
1109 1839 1239 1864 eorum
1265 1827 1478 1867 consentiat
1501 1827 1597 1863 citra
1620 1826 1721 1864 diem

263 1885 367 1922 Lune
391 1886 604 1933 proximum

167 1943 395 1981 Conceditur
426 1945 523 1992 xiiijo
549 1945 776 1982 Novembris
805 1945 985 1992 magistro
1019 1945 1141 1982 Baker
1168 1945 1458 1993 procancellario
1482 1948 1524 1981 vt
1548 1945 1718 1982 studium

261 2002 299 2038 vi
315 2013 499 2038 annorum
520 2002 559 2038 in
576 2002 763 2050 theologia
785 2009 871 2050 post
895 2003 1054 2050 gradum
1071 2003 1308 2039 bachalaurei
1334 2004 1374 2039 in
1391 2003 1520 2039 eadem
1538 2003 1718 2039 facultate

260 2063 478 2107 susceptum
515 2073 603 2097 cum
639 2061 787 2098 duobus
817 2061 1055 2098 sermonibus
1090 2074 1162 2098 vno
1193 2061 1242 2098 ad
1274 2062 1414 2098 clerum
1447 2064 1487 2098 et
1517 2061 1637 2098 altero
1668 2061 1716 2098 ad
1736 2058 1833 2097 Θ

261 2131 408 2156 crucem
425 2120 503 2156 divi
523 2121 629 2157 Pauli
646 2122 809 2158 sufficiat
825 2122 859 2158 ei
876 2133 944 2168 pro
961 2121 1158 2168 completis
1174 2121 1294 2157 forma
1311 2124 1350 2157 et
1367 2121 1486 2168 gradu
1501 2121 1719 2158 doctoratus

259 2179 298 2215 in
332 2179 462 2215 eadem
494 2180 676 2217 facultate
731 2181 794 2217 Ita
825 2181 926 2228 quod
960 2184 1109 2228 recepto
1142 2182 1354 2218 iuramento
1386 2181 1438 2216 sit
1469 2183 1557 2217 actu
1590 2181 1720 2217 doctor

259 2237 417 2274 statutis
437 2241 506 2274 aut
531 2239 867 2276 consuetudinibus
889 2240 1001 2276 istius
1023 2240 1284 2276 vniuersitatis
1306 2252 1381 2276 non
1405 2239 1646 2276 obstantibus
1666 2241 1720 2276 sic

259 2299 387 2332 tamen
411 2297 512 2344 quod
537 2298 745 2335 satisfaciat
770 2299 957 2335 officiariis

164 2355 392 2392 Conceditur
417 2359 461 2392 12
484 2356 703 2394 Decembris
727 2361 770 2394 vt
794 2358 980 2394 terminus
1005 2357 1184 2394 hodierno
1208 2357 1270 2394 die
1293 2358 1522 2394 dissolvatur
1549 2370 1624 2394 non
1654 2358 1717 2394 ob-

258 2418 385 2451 stante
412 2418 558 2452 statuto
586 2416 642 2452 ita
665 2419 795 2453 tamen
818 2420 862 2453 vt
886 2416 966 2452 dies
992 2416 1097 2453 Lune
1122 2417 1315 2464 proximus
1341 2417 1526 2453 habeatur
1549 2429 1617 2464 pro
1643 2418 1716 2454 dis-

257 2473 418 2521 putabili
435 2476 516 2511 tam
531 2475 580 2511 ad
597 2475 821 2523 magistrum
837 2475 1120 2523 disputaturum
1137 2488 1252 2523 quam
1268 2476 1316 2512 ad
1334 2476 1498 2513 bedellos

164 2531 391 2569 Conceditur
414 2532 545 2570 eodem
570 2537 612 2570 vt
637 2534 816 2581 magister
841 2534 1005 2571 Tomson
1029 2535 1081 2571 sit
1105 2547 1203 2571 vnus
1227 2535 1427 2572 custodum
1451 2536 1546 2572 ciste
1570 2537 1647 2572 Fen
1677 2540 1716 2572 et

259 2590 354 2627 Nele
377 2590 458 2627 loco
481 2592 652 2639 magistri
678 2592 819 2629 Webbe

163 2648 391 2686 Conceditur
413 2650 533 2698 xxiijto
557 2651 731 2688 Januarii
757 2655 799 2688 vt
823 2652 1002 2699 magister
1027 2652 1257 2689 Shacklocke
1280 2656 1320 2690 et
1345 2653 1612 2701 Carterwright
1636 2655 1715 2691 sint
1732 2653 1760 2692 f.
1784 2653 1833 2691 66
1852 2654 1876 2691 b

257 2709 529 2746 examinatores
553 2712 889 2758 questionistarum
915 2712 984 2748 hoc
1008 2724 1108 2748 anno

163 2766 389 2804 Conceditur
420 2768 550 2805 eodem
580 2773 622 2806 vt
654 2771 966 2807 determinatores
992 2771 1138 2818 possint
1166 2771 1389 2818 respondere
1413 2773 1602 2819 questioni
1628 2766 1715 2820 post

257 2826 555 2873 purificationem
581 2828 688 2866 beate
714 2830 832 2866 Maris
858 2842 932 2866 non
957 2829 1133 2866 obstante
1157 2833 1303 2866 statuto
