2046 3224
188 160 406 216 1547-48]
769 170 921 202 amics
951 169 1072 201 BOOK
1104 169 1134 201 Δ
1678 157 1732 199 53

186 273 285 310 Item
317 272 534 309 conceditur
565 273 744 319 magistro
774 272 983 319 Perpoynte
1018 273 1059 307 vt
1090 270 1260 306 studium
1293 273 1439 317 septem
1471 282 1658 306 annorum
1692 270 1731 306 in

279 331 465 379 theologia
480 334 682 378 postquam
698 331 835 367 rexerit
852 331 891 366 in
908 330 1055 366 artibus
1071 341 1159 366 cum
1175 328 1322 366 duobus
1338 328 1574 365 sermonibus
1593 341 1665 365 vno
1685 329 1732 365 ad

280 391 421 427 clerum
437 390 555 426 altero
571 390 619 427 ad
635 402 783 427 crucem
798 390 904 427 Pauli
921 394 960 426 et
976 401 1061 426 cum
1076 389 1185 425 vnica
1197 388 1437 436 responsione
1449 400 1548 424 anno
1565 389 1734 435 proximo

281 449 452 486 habenda
476 449 547 486 sub
575 461 672 497 pena
700 450 886 486 cautionis
911 450 960 486 xl·
985 448 1156 497 ponende
1182 449 1220 484 in
1250 447 1426 484 manibus
1450 451 1734 494 procuratorum

278 512 366 544 ante
390 509 472 545 eius
496 509 763 545 admissionem
787 509 950 545 sufficiat
974 509 1007 544 ei
1033 508 1080 544 ad
1106 506 1370 555 opponendum
1394 510 1433 542 et
1456 506 1677 542 intrandum
1695 507 1734 542 in

281 568 467 615 theologia
483 571 522 604 et
538 571 615 604 stet
631 580 822 615 opponens
839 579 957 615 vsque
972 567 1020 604 ad
1038 567 1177 603 festum
1196 565 1366 602 Barnabe
1383 565 1595 613 proximum

710 842 872 886 Doctor
902 842 946 884 in
981 841 1196 885 medicina
1754 840 1779 879 f.
1804 841 1855 879 22
1876 854 1899 879 a

186 969 286 1005 Item
325 967 543 1005 conceditur
583 967 763 1014 magistro
805 967 1045 1015 Pyckerynge
1079 970 1122 1003 vt
1154 966 1325 1003 studium
1362 968 1446 1002 octo
1478 977 1664 1003 annorum
1697 967 1735 1003 in

281 1027 467 1064 medicina
488 1029 690 1074 postquam
707 1026 845 1062 rexerit
862 1026 901 1062 in
921 1025 1067 1064 artibus
1089 1036 1176 1061 cum
1199 1024 1346 1060 duabus
1369 1025 1674 1072 responsionibus
1698 1026 1737 1062 in

280 1085 410 1122 eadem
427 1085 588 1122 sufficiat
605 1085 639 1120 ei
656 1084 704 1120 ad
722 1084 979 1132 incipiendum
997 1085 1036 1120 in
1053 1084 1185 1121 eadem
1202 1083 1382 1120 facultate

702 1350 864 1393 Doctor
894 1350 938 1392 in
964 1349 1065 1407 jure
1096 1349 1217 1392 ciuili

192 1476 289 1512 Item
306 1475 524 1512 conceditur
545 1475 725 1522 magistro
742 1476 886 1511 'rhome
904 1475 1032 1522 Davys
1048 1478 1091 1511 vt
1107 1475 1278 1511 studium
1295 1479 1380 1511 octo
1397 1486 1583 1511 annorum
1602 1475 1640 1511 in
1662 1475 1741 1511 iure

284 1535 386 1571 ciuili
420 1539 506 1582 post
537 1535 694 1582 gradum
730 1535 1062 1572 bacchalaureatus
1095 1535 1134 1571 in
1167 1535 1297 1571 eadem
1334 1539 1552 1582 susceptum
1587 1535 1742 1570 Oxoniis

283 1593 444 1630 sufficiat
469 1594 503 1630 ei
529 1595 577 1631 ad
603 1595 859 1642 incipiendum
884 1595 923 1631 in
948 1594 1079 1631 eodem
1100 1596 1186 1641 jure

191 1652 289 1688 Item
308 1653 347 1688 in
365 1652 466 1689 illius
483 1653 643 1699 gratiam
661 1654 878 1690 conceditur
894 1657 937 1690 vt
952 1653 1162 1701 disputatio
1180 1654 1244 1690 illa
1260 1654 1300 1689 in
1318 1654 1398 1690 iure
1415 1653 1517 1689 ciuili
1535 1653 1616 1689 siue
1632 1658 1740 1688 actus

284 1711 524 1747 commitialis
548 1711 609 1748 die
631 1712 766 1748 Martis
789 1713 958 1759 proximo
980 1711 1176 1748 habendus
1196 1715 1235 1748 et
1257 1724 1324 1759 per
1347 1711 1538 1748 doctorem
1561 1711 1740 1747 cathadre

284 1769 376 1805 iuris
408 1770 532 1806 ciuilis
563 1783 607 1806 ac
639 1771 732 1807 alios
765 1771 856 1818 legis
889 1772 1030 1818 peritos
1059 1771 1302 1808 celebrandus
1331 1771 1493 1806 sufficiat
1525 1770 1740 1817 supradicto

283 1829 465 1876 magistro
486 1830 611 1877 Davys
628 1830 809 1878 vobisque
825 1834 865 1867 et
881 1835 1028 1867 statuto
1047 1831 1305 1867 vniuersitatis
1327 1830 1537 1866 satisfaciat
1561 1830 1740 1876 quoniam

284 1892 437 1935 propter
452 1889 667 1935 angustiam
685 1890 866 1937 temporis
888 1902 964 1937 qua.
987 1902 1087 1926 nunc
1108 1890 1294 1937 premitur
1314 1889 1613 1936 disputacionem
1637 1888 1740 1924 illam

283 1946 331 1982 ad
347 1958 461 1993 quam
479 1950 632 1984 tenetur
648 1948 686 1984 in
705 1949 883 1995 vesperiis
899 1948 1095 1985 commode
1111 1949 1287 1996 perficere
1306 1959 1381 1983 non
1398 1950 1523 1994 potest

408 2221 562 2265 Gracie
596 2221 711 2265 varie
742 2227 788 2264 et
818 2221 983 2264 nullam
1017 2222 1199 2264 sormam
1229 2226 1536 2264 concernentes

196 2347 241 2384 In
259 2347 391 2395 primis
408 2347 626 2384 conceditur
641 2351 684 2384 vt
699 2348 879 2394 quoniam
897 2359 964 2394 per
978 2347 1137 2393 antiqua
1156 2349 1304 2382 statuta
1326 2345 1543 2382 ordinatum
1565 2347 1617 2382 sit
1641 2347 1741 2394 quod

287 2405 481 2452 religiosus
500 2405 630 2442 doctor
652 2406 867 2453 proficiatur
890 2405 929 2441 in
951 2404 1127 2440 omnibus
1151 2404 1228 2440 fere
1251 2403 1495 2440 electionibus
1519 2404 1680 2451 publicis
1703 2408 1742 2441 et

287 2466 449 2511 ponatur
469 2464 508 2500 in
530 2464 654 2511 capite
671 2468 713 2500 vt
735 2468 872 2500 vocant
894 2467 1021 2500 orator
1042 2463 1258 2500 achademie
1284 2475 1350 2510 pro
1375 2466 1542 2510 tempore
1567 2463 1742 2511 deinceps

289 2523 390 2559 illius
407 2523 567 2570 religiosi
585 2524 684 2560 vices
699 2523 874 2571 suppleat

196 2582 293 2618 Item
326 2581 544 2618 conceditur
575 2585 618 2619 vt
650 2582 875 2630 procedatur
905 2582 953 2618 ad
986 2583 1207 2618 electionem
1239 2582 1379 2618 summi
1413 2582 1632 2619 Cancellarii
1667 2596 1741 2619 non

288 2640 463 2676 obstante
487 2644 634 2677 statuto
659 2641 723 2677 illo
747 2654 814 2689 pro
839 2641 1127 2678 denunciatione
1151 2645 1296 2688 septem
1321 2641 1467 2677 dierum

197 2698 295 2735 Item
323 2700 541 2737 conceditur
565 2703 607 2737 vt
640 2701 818 2747 magister
843 2701 987 2737 Askam
1012 2701 1132 2748 possit
1165 2701 1221 2736 vti
1247 2712 1402 2736 munere
1429 2705 1552 2736 vestro
1579 2702 1741 2738 oratorio

288 2755 418 2792 eodem
441 2757 552 2793 modo
568 2760 607 2793 et
629 2758 824 2794 commodo
846 2770 921 2805 quo
943 2758 1033 2794 olim
1056 2758 1187 2794 doctor
1211 2759 1326 2794 Deius
1349 2758 1527 2794 vtebatur
1548 2770 1592 2794 ea
1614 2763 1741 2795 tamen

287 2815 500 2852 conditione
524 2820 564 2852 vt
587 2817 694 2853 litere
716 2820 755 2853 et
771 2818 819 2853 ab
845 2818 1064 2854 achademia
1086 2822 1124 2854 et
1147 2818 1194 2854 ad
1217 2818 1475 2854 achademiam
1498 2819 1636 2864 scripte
1659 2818 1741 2854 dili-

287 2875 503 2921 gentissime
528 2879 796 2912 conserventur
