1976 3276
335 176 420 221 232
916 189 1067 223 emor:
1097 189 1222 224 BooK
1253 191 1283 223 Δ
1662 178 1883 236 [1569-70

333 292 476 329 Eadem
503 294 626 340 gratia
654 294 871 330 conceditur
899 306 986 330 cum
1017 297 1061 330 12
1090 295 1265 331 terminis
1297 295 1343 332 27
1377 295 1550 331 Januarii
1585 295 1680 333 oliv.
1713 296 1781 343 Pig
1811 295 1881 331 Ed.

428 352 576 399 Selwyn
605 353 738 390 Gwalt.
767 353 916 400 Harper
943 353 1034 390 Rob.
1067 354 1256 390 Bendishe
1285 354 1377 390 Tho.
1404 354 1561 401 Younge
1587 355 1610 390 J
1613 367 1644 391 o.
1672 354 1881 391 Grenewell

428 412 486 448 Jo.
517 412 698 449 Clerkson
729 413 754 449 J
756 425 789 449 o.
822 414 1046 460 Kayrstowe
1079 414 1170 450 Tho.
1202 413 1401 461 Buckbery
1430 414 1547 450 Tobie
1577 414 1692 450 Ward
1725 418 1764 450 et
1797 425 1883 450 cum

431 473 475 506 13
491 472 666 507 terminis
689 483 776 507 cum
793 471 955 507 termino
971 471 1012 507 in
1028 483 1105 519 quo
1122 472 1305 508 Nicholao
1322 472 1430 508 Steer
1477 473 1529 508 Et
1545 484 1632 509 cum
1652 475 1692 508 11
1712 472 1885 508 terminis

428 530 539 576 Rege.
564 529 638 566 Car
696 531 748 565 Et
772 542 859 566 cum
887 533 928 566 11
957 531 1131 567 terminis
1155 543 1242 567 cum
1266 531 1429 567 termino
1453 532 1492 567 in
1518 543 1594 578 quo
1619 532 1715 567 Hen.
1743 531 1884 567 Nelson

427 589 538 624 Petro
564 589 719 636 Magson

333 647 475 683 Eadem
492 647 614 694 gratia
631 647 851 685 conceditur
863 651 901 684 3⁰
915 648 1110 684 Februarii
1126 661 1214 685 cum
1233 652 1277 685 12
1294 650 1468 686 terminis
1480 649 1545 686 W⁰
1557 650 1728 686 Johnson
1745 651 1784 685 et
1799 661 1887 685 cum

430 709 471 741 11
488 706 662 742 terminis
680 705 773 742 Rob.
790 706 919 742 Preest
936 709 975 742 et
991 719 1078 742 cum
1098 710 1139 742 11
1160 707 1334 743 terminis
1350 719 1437 742 cum
1454 708 1618 743 termino
1634 708 1674 743 in
1691 719 1767 754 quo
1783 707 1806 742 J
1808 719 1885 743 aco.

428 765 579 812 Gayton
634 765 686 800 Et
701 777 789 801 cum
808 768 852 801 12
869 766 1044 802 terminis
1061 769 1121 802 etc
1137 770 1177 802 et
1194 778 1282 802 cum
1298 766 1369 802 hac
1386 767 1555 803 clausula
1571 767 1625 803 sic
1642 769 1685 803 vt
1701 766 1887 803 examine-

428 826 493 859 tur
516 826 556 859 et
580 823 811 870 approbetur
834 836 902 871 per
923 824 1200 860 examinatores
1222 824 1336 860 huius
1358 825 1449 860 anni
1472 828 1511 861 et
1533 838 1621 861 cum
1646 828 1687 861 11
1712 825 1887 862 terminis

429 894 515 917 cum
532 882 695 918 termino
712 882 751 917 in
768 893 844 928 quo
862 882 925 918 W⁰
942 882 1042 928 Cage

335 941 563 977 Conceditur
582 944 624 978 17
643 941 838 977 Februarii
854 941 918 977 W⁰
936 941 1060 976 Cooke
1076 944 1119 977 vt
1139 944 1180 977 11
1200 941 1353 977 termini
1370 946 1430 978 etc
1447 942 1501 978 sic
1515 945 1558 979 vt
1569 942 1800 990 approbetur
1816 954 1883 989 per

430 1000 703 1036 examinatores
718 1000 832 1036 huius
849 999 939 1035 anni
962 1003 1002 1035 et
1025 1002 1102 1035 stet
1124 1000 1311 1046 reliquum
1335 1000 1622 1047 quadragesime
1644 1014 1730 1038 cum
1750 1002 1885 1038 ceteris

429 1059 692 1105 questionistis

333 1117 560 1154 Conceditur
577 1122 624 1154 20
640 1118 663 1154 J
666 1118 812 1154 anuarii
831 1117 898 1153 Ed.
918 1117 1076 1153 Browne
1093 1120 1135 1153 vt
1152 1129 1287 1154 novem
1305 1118 1345 1154 in
1361 1118 1432 1154 hac
1456 1119 1650 1156 academia
1672 1120 1825 1156 termini
1845 1122 1884 1156 et

427 1178 491 1213 alii
517 1178 592 1214 duo
617 1178 753 1224 integri
778 1177 868 1213 anni
893 1177 933 1211 in
958 1176 1033 1212 alia
1057 1176 1249 1213 academia
1274 1189 1348 1213 vna
1377 1190 1464 1214 cum
1494 1179 1796 1226 oppositionibus
1824 1181 1884 1215 etc

427 1237 617 1272 sufficiant
641 1237 675 1272 ei
700 1237 748 1272 ad
773 1235 1077 1282 respondendum
1101 1237 1291 1282 questioni

333 1295 562 1332 Conceditur
578 1299 625 1332 20
640 1296 812 1332 Januarii
830 1295 922 1331 Tho.
943 1295 1154 1342 Pembrigio
1175 1300 1216 1332 vt
1239 1299 1282 1332 12
1306 1297 1459 1333 termini
1483 1297 1544 1332 hic
1568 1300 1608 1333 et
1630 1297 1670 1333 in
1692 1297 1884 1333 academia

429 1355 631 1392 Oxoniensi
649 1356 688 1391 in
705 1355 845 1402 quibus
861 1359 920 1391 etc
937 1355 1100 1390 sufficiat
1117 1356 1151 1390 ei
1168 1355 1216 1391 ad
1233 1355 1535 1403 respondendum
1553 1356 1741 1403 questioni

333 1415 562 1451 Conceditur
578 1418 622 1453 27
640 1416 664 1451 J
667 1415 814 1451 anuarii
832 1415 924 1450 Tho.
944 1415 1100 1450 Browne
1118 1417 1159 1451 vt
1175 1427 1239 1451 sex
1256 1416 1410 1451 termini
1431 1416 1471 1451 in
1492 1416 1563 1451 hac
1585 1415 1777 1451 academia
1795 1427 1882 1451 cum

428 1475 583 1521 reliquis
600 1474 743 1511 Oxonic
759 1474 923 1521 peractis
940 1474 979 1509 in
998 1473 1138 1519 quibus
1154 1476 1214 1510 etc
1231 1474 1394 1510 sufficiat
1411 1477 1471 1510 etc

334 1534 429 1569 Cum
447 1534 522 1570 hiis
537 1533 885 1570 determinaverunt
902 1545 947 1568 ex
964 1533 1117 1579 collegio
1136 1533 1250 1580 Regio
1267 1533 1406 1580 quibus
1422 1533 1526 1569 nulla
1543 1534 1664 1580 petita
1684 1536 1743 1569 est
1761 1533 1884 1580 gratia

427 1606 550 1640 neque
581 1606 755 1629 concessa
784 1592 834 1629 ab
859 1593 1050 1629 academia
1078 1593 1180 1640 Step.
1210 1593 1335 1640 Lakys
1364 1594 1490 1629 Samu.
1520 1594 1702 1640 Flemyng
1726 1593 1883 1640 Egidius

428 1653 600 1689 Fletcher
624 1655 664 1688 et
687 1653 786 1689 Will.
813 1652 1053 1699 Dorryngton

332 1712 560 1749 Conceditur
576 1715 623 1748 20
638 1712 661 1748 J
664 1713 810 1748 aunarii
831 1712 1056 1748 Immanueli
1074 1711 1294 1747 Chevalerio
1311 1712 1350 1747 in
1367 1712 1559 1749 academia
1578 1711 1881 1759 Hilderbergensi

427 1773 466 1808 in
489 1772 635 1808 artibus
658 1771 897 1808 bachalaurio
913 1774 956 1807 vt
977 1772 1030 1807 sit
1052 1771 1208 1807 eiisdem
1230 1771 1349 1818 gradu
1371 1771 1499 1808 ordine
1521 1775 1560 1808 et
1581 1784 1680 1808 anno
1702 1771 1763 1807 hic
1780 1771 1881 1819 apud

426 1844 492 1868 vos
509 1832 648 1879 quibus
665 1832 738 1868 fuit
755 1832 793 1867 in
812 1831 1003 1867 academia
1021 1830 1325 1877 Hilderbergensi

331 1892 558 1928 Conceditur
573 1891 705 1927 eodem
723 1894 765 1926 vt
781 1891 961 1937 magister
978 1891 1092 1926 Leese
1109 1893 1147 1926 et
1163 1889 1340 1926 dominus
1364 1890 1459 1925 Heu.
1481 1890 1643 1926 Howard
1660 1890 1739 1926 sint
1754 1892 1881 1927 vestra

424 1951 650 1987 auctoritate
680 1949 821 1986 iudices
847 1954 887 1986 et
914 1950 1190 1985 examinatores
1218 1949 1555 1996 questionistarum
1576 1949 1690 1985 huius
1711 1949 1802 1985 anni
1827 1948 1881 1985 sic

425 2014 467 2047 vt
483 2022 605 2046 coram
625 2012 759 2046 senatu
777 2008 956 2045 iuditium
974 2012 1012 2045 et
1029 2010 1258 2045 sententiam
1283 2021 1391 2045 suam
1409 2008 1456 2045 de
1473 2008 1627 2045 eiisdem
1654 2009 1817 2045 referant
1839 2009 1879 2045 in

425 2070 502 2105 vim
521 2068 721 2104 iuramenti
740 2068 798 2104 sui
818 2068 1052 2103 vniversitati
1072 2068 1147 2103 iam
1164 2067 1254 2103 olim
1273 2067 1423 2114 prestiti

330 2127 558 2165 Conceditur
574 2126 703 2163 eodem
721 2130 762 2162 vt
778 2126 1028 2172 questioniste
1046 2125 1158 2161 huius
1175 2125 1265 2161 anni
1284 2125 1431 2172 possint
1448 2125 1672 2172 respondere
1689 2125 1875 2173 questioni

424 2189 509 2233 post
526 2186 663 2221 festum
682 2184 953 2232 purificationis
971 2183 1080 2220 beate
1098 2184 1217 2220 Marie
1235 2196 1309 2220 uon
1327 2183 1504 2220 obstante
1521 2187 1668 2220 statuto

328 2245 557 2282 Conceditur
583 2247 631 2280 30
657 2244 764 2279 Junii
788 2243 851 2279 W0
874 2243 1013 2279 Cotton
1037 2246 1079 2279 vt
1105 2245 1147 2278 12
1171 2243 1325 2279 termini
1350 2243 1389 2278 in
1413 2242 1552 2289 quibus
1577 2243 1758 2279 lectiones
1781 2242 1878 2279 ordi—

423 2305 549 2341 narias
581 2303 729 2340 audivit
761 2315 847 2339 cuni
881 2302 1183 2350 oppositionibus
1213 2306 1272 2338 etc
1300 2303 1490 2339 sufficiant
1518 2303 1550 2339 ei
1583 2315 1651 2350 pro
1680 2303 1877 2351 completis

420 2363 538 2411 gradu
567 2368 606 2399 et
636 2364 756 2399 forma
786 2362 1020 2399 bachalaurei
1049 2362 1262 2398 inertibus
1290 2365 1330 2398 et
1354 2366 1431 2399 stet
1457 2362 1495 2398 in
1522 2363 1692 2410 proxima
1716 2362 1875 2409 quadra-

420 2424 563 2470 gesima
586 2427 626 2459 ct
650 2422 872 2458 convivetur

327 2481 555 2519 Conceditur
579 2484 602 2517 9
630 2479 846 2517 Decembris
872 2483 914 2516 vt
938 2480 1117 2526 magister
1140 2479 1196 2516 W.
1224 2479 1300 2515 Roc
1325 2479 1363 2515 in
1390 2479 1582 2516 academia
1609 2479 1809 2516 Oxoniensi
1837 2480 1875 2516 in

419 2541 568 2578 artibus
592 2541 771 2587 magister
791 2540 844 2576 sit
867 2540 927 2576 hic
951 2539 1052 2587 apud
1079 2551 1144 2575 vos
1170 2539 1208 2575 in
1234 2539 1390 2575 ciisdcm
1416 2539 1533 2586 gradu
1559 2539 1689 2576 ordine
1714 2542 1753 2575 ct
1776 2551 1876 2576 auno

419 2601 559 2650 quibus
584 2601 658 2637 fuit
682 2601 720 2637 in
746 2600 937 2636 acmiomia
963 2599 1163 2637 Oxoniensi
