1976 3276
147 196 368 253 1572-73]
722 204 873 236 GRAOE
904 202 1027 234 Boon
1059 201 1087 232 Δ
1607 189 1686 230 261

144 310 284 347 Webbe
468 309 492 346 J
495 322 526 346 ο.
659 308 815 344 Browne
988 305 1077 342 Ben.
1175 302 1319 339 Boothe
1505 329 1570 365 Tri

146 368 291 405 Bobbet
474 367 598 404 Pemb.
660 367 703 403 Li
706 366 890 460 ghtfoote}
987 393 1036 430 Jo
1177 361 1298 397 Grant
1322 313 1336 407 ξ
1571 356 1580 365 ‘

144 427 277 464 Rudde
664 426 734 473 Wy
738 425 834 462 ncoll
1038 422 1046 430 '
1177 419 1350 455 Fletcher
1507 417 1568 452 Be.

147 488 269 535 Odlyn
287 440 502 536 [01dynge]}
531 457 638 493 ⁰¹³¹*
663 485 794 532 Elwyn
990 481 1066 518 oxa„
1176 479 1394 514 'rhometon
1508 476 1594 512 Kat.

147 547 237 582 Dier
475 546 562 592 Reg.
659 544 800 591 Sharpe
987 541 1073 586 Reg.
1177 537 1347 632 weston}
1506 565 1560 601 Re
1585 564 1593 572 .
1599 564 1661 600 nal

146 606 170 642 J
171 606 309 641 ackson
473 633 530 669 Oh
661 602 737 639 Ste.
756 601 893 649 Smyth
987 599 1011 635 J
1014 612 1046 636 o.
1177 597 1311 644 Barley
1559 577 1596 612 gl
1663 593 1671 600 “

147 665 308 701 Kendall
321 614 335 707 ξ
532 645 559 669 r‘
661 662 803 698 Harvie
989 659 1064 695 Tri.
1176 656 1295 693 Wood
1503 654 1527 690 J
1529 666 1558 691 e.

148 724 232 771 Byll
659 721 808 768 Awfyld
988 749 1043 784 Re
1178 716 1274 752 Heu.
1292 715 1463 751 Johnson
1508 715 1606 750 Pem.

147 782 344 818 Mondford
473 781 561 826 Reg.
661 730 825 823 Gibson}
1043 759 1076 794 g·
1177 776 1263 822 Mey
1503 774 1563 810 J0.

147 841 277 877 Amise
661 840 790 876 Oai-ier
989 866 1011 902 J
1179 835 1334 882 Pulleyn
1505 834 1581 870 Tri.

149 900 344 946 Hampton
474 900 549 936 Tri.
663 847 893 940 Foxecrofte}
1014 878 1046 902 ⁰⁵
1178 893 1323 929 Turner
1505 921 1554 957 Jo

148 958 296 994 Ducket
472 958 547 993 Tri.
662 955 851 992 Beamond
988 953 1064 990 Tri.
1177 905 1365 997 Webster}
1556 950 1564 958 ’

148 1017 314 1052 Thaxter
475 1045 526 1081 Be
661 1015 684 1051 J
687 1027 719 1051 ο.
738 1014 882 1061 Oooper
987 1013 1011 1048 J
1014 1024 1045 1048 0.
1180 1011 1364 1110 Brogden}
1506 1039 1570 1074 Tri

146 1075 170 1111 J
172 1025 383 1123 enkynson}
528 1057 562 1082 n‘
663 1074 752 1110 Best
988 1072 1063 1108 Tri.
1179 1070 1332 1118 Gybson
1574 1067 1582 1074 ⁰

147 1134 320 1170 Whilsha
471 1134 495 1169 J
497 1146 529 1170 e.
662 1133 719 1170 Ri.
740 1133 922 1169 Harrison
989 1132 1064 1168 Tri.
1180 1130 1308 1166 Panell
1509 1129 1597 1164 Kat.

147 1193 254 1229 West
474 1192 538 1228 Be.
665 1191 860 1239 Philippus
878 1191 973 1226 Har·
1179 1189 1334 1224 Gittons
1509 1187 1609 1223 Pem.

149 1252 246 1288 Gaze
476 1250 571 1286 Olar.
710 1250 812 1286 rison
992 1249 1066 1285 Tri.
1181 1247 1344 1284 Bownell
1511 1247 1611 1282 Pem.

150 1310 386 1357 Wadyngton
476 1309 552 1345 Cla.
664 1308 894 1344 Richardson
990 1307 1013 1343 J
1017 1319 1047 1343 ο.
1180 1306 1322 1342 Flower
1505 1305 1529 1340 J
1532 1317 1562 1341 e.

151 1369 290 1405 Foorth
476 1368 498 1404 J
501 1380 532 1404 e.
666 1368 786 1404 Baker
819 1378 830 1444 Q
1180 1367 1236 1403 W.
1255 1367 1425 1402 Johnson
1510 1365 1676 1412 Reginal.

152 1429 225 1464 Bri.
245 1429 388 1464 Burton
478 1427 585 1463 Clare
667 1427 790 1462 Pount
830 1445 838 1454 ·›
993 1425 1067 1461 Tri.
1183 1425 1307 1461 Lewes
1509 1424 1532 1460 J
1535 1437 1567 1462 o.

152 1487 287 1523 Farrar
534 1515 541 1522 .
669 1456 830 1521 Randesi
1408 1487 1476 1520 120

152 1546 280 1582 Horne
288 1492 301 1582 ξ
479 1515 555 1551 Tn'
668 1545 800 1580 Marlie
994 1543 1017 1579 J
1020 1556 1051 1579 o.

152 1701 378 1738 Conceditur
410 1703 452 1737 17
482 1700 652 1736 Januarii
681 1699 834 1735 domino
862 1698 954 1734 Gab.
982 1698 1096 1744 Argal
1129 1698 1167 1733 in
1201 1698 1391 1734 academia
1424 1698 1625 1735 Oxoniensi
1659 1700 1698 1735 in

247 1760 392 1795 artibus
413 1759 658 1795 bachalaureo
683 1763 724 1794 vt
748 1759 798 1794 sit
823 1759 884 1794 hic
906 1758 1006 1805 apud
1033 1770 1098 1793 vos
1124 1758 1163 1793 in
1186 1758 1340 1794 eiisdem
1366 1758 1495 1794 ordine
1518 1758 1636 1804 gradu
1661 1764 1699 1794 et

248 1819 376 1855 ordine
401 1819 484 1865 (sic)
511 1818 650 1865 quibus
679 1819 752 1854 fuit
780 1819 818 1854 in
848 1818 950 1854 dicta
978 1818 1168 1853 academia
1197 1818 1398 1853 Oxonieusi
1458 1818 1700 1854 Presentatus

249 1878 378 1914 eodem
402 1890 469 1924 per
493 1878 713 1924 magistrum
739 1877 999 1925 Goldyngham

156 1937 382 1973 Conceditur
414 1941 452 1972 5⁰
479 1937 694 1973 Decembris
723 1937 912 1983 magistris
942 1937 1095 1972 Murton
1124 1940 1163 1972 et
1194 1936 1370 1973 Hamond
1399 1939 1441 1972 vt
1467 1937 1547 1972 sint
1575 1940 1701 1973 vestra

249 1997 472 2032 auctoritate
492 1995 638 2042 judices
662 1998 701 2031 et
725 1995 998 2031 examinatores
1022 1995 1359 2042 questionistarum
1388 1996 1500 2031 huius
1528 1996 1618 2032 anni
1646 1997 1701 2032 sic

251 2059 293 2091 vt
325 2067 449 2091 coram
481 2058 616 2091 senatu
651 2055 880 2091 sententiam
913 2067 1022 2090 suam
1054 2054 1101 2091 de
1133 2054 1287 2091 eiisdem
1327 2055 1450 2091 ferant
1488 2055 1527 2091 in
1561 2056 1702 2092 virtute

246 2115 451 2162 juramenti
470 2114 574 2161 prius
589 2125 656 2161 per
672 2114 772 2160 ipsos
791 2114 1028 2150 vniuersitati
1046 2114 1195 2161 prestiti
1241 2114 1343 2150 Nota
1360 2117 1401 2150 vt
1417 2114 1586 2161 proximo
1603 2127 1702 2150 anno

250 2173 521 2208 determinetur
552 2184 600 2208 an
634 2175 892 2219 procuratores
923 2172 1088 2208 habeant
1121 2184 1246 2208 vocem
1282 2173 1494 2219 negativam
1523 2174 1701 2220 quoniam

251 2232 374 2267 senior
395 2236 612 2278 procurator
634 2233 703 2267 hoc
725 2243 824 2267 anno
848 2231 941 2268 illud
963 2230 1187 2268 vendicabat
1209 2244 1275 2279 per
1295 2232 1496 2279 antiquum
1512 2236 1702 2270 statutum

694 2542 894 2600 Magistri
925 2543 970 2586 in
1001 2544 1169 2587 artibus
1724 2554 1748 2593 f.
1775 2553 1889 2591 llOa

162 2667 388 2703 Conceditur
413 2669 517 2703 sexto
540 2667 601 2704 die
626 2667 755 2703 Martii
780 2667 931 2704 domino
955 2668 1125 2705 Gilberto
1150 2669 1375 2707 Backhowse
1401 2674 1443 2708 vt
1469 2684 1603 2709 novem
1632 2677 1705 2710 ter-

255 2727 348 2762 mini
365 2730 450 2774 post
466 2727 615 2765 finalem
632 2727 712 2763 eius
728 2726 1081 2764 determinationem
1098 2729 1138 2764 in
1151 2728 1289 2775 quibus
1306 2730 1483 2767 lectiones
1499 2733 1706 2774 ordinarias

257 2785 402 2822 audivit
433 2786 521 2821 licet
554 2797 627 2821 non
658 2786 812 2821 omnino
843 2785 1050 2822 secundum
1082 2787 1242 2824 formam
1273 2790 1411 2825 statuti
1443 2803 1527 2827 cum
1561 2794 1706 2840 opposi-

255 2843 424 2880 cionibus
464 2843 767 2891 responsionibus
806 2844 964 2891 aliisque
1003 2846 1190 2882 exercitiis
1228 2859 1295 2894 per
1332 2851 1478 2885 statuta
1516 2852 1708 2897 requisitis

257 2903 445 2939 sufficiant
468 2903 502 2939 ei
527 2904 574 2940 ad
600 2903 855 2950 incipiendum
879 2904 918 2939 in
942 2904 1089 2940 artibus
