1976 3276
309 197 393 238 250
903 207 1055 239 GRACE
1086 208 1208 239 BOOK
1241 207 1270 238 Δ
1635 195 1849 252 [1570-71

309 311 421 347 Mem.
445 311 546 357 quod
570 311 632 347 hic
653 311 842 348 admissus
863 315 922 347 est
946 312 985 347 in
1010 311 1114 347 curia
1138 310 1239 357 apud
1265 310 1423 347 Walden
1449 323 1516 358 per
1539 311 1736 347 dominum
1761 311 1856 346 vice-

403 370 666 406 cancellarium
683 371 722 406 in
739 371 930 418 presentia
945 370 1143 406 doctorum
1162 370 1290 406 Rushe
1307 372 1347 406 et
1364 370 1522 417 Younge
1540 373 1577 405 1⁰
1594 368 1826 417 Septembris

313 433 356 466 17
382 430 484 476 Sept.
537 429 648 476 Maye
672 429 704 465 it
728 429 853 476 please
878 442 960 476 yow
985 429 1024 476 yt
1048 435 1102 465 mr
1124 429 1164 465 dr
1188 428 1390 475 Whitgifte
1415 428 1746 464 vicechauncelour
1770 440 1857 475 may

403 489 498 524 have
522 487 582 523 his
605 487 744 524 licence
766 488 807 523 of
827 488 1042 535 preachyng
1063 487 1231 524 renewed
1252 487 1327 524 and
1351 487 1474 524 sealed
1498 487 1562 523 wth
1587 487 1652 523 the
1675 487 1858 523 common

402 547 501 583 seale

309 606 537 644 Conceditur
565 608 627 642 27⁰
656 605 889 652 Septembris
918 610 961 641 vt
990 605 1218 642 reuerendus
1244 605 1283 641 in
1310 605 1463 641 Christo
1488 608 1596 652 pater
1618 607 1658 641 et
1681 605 1858 641 dominus

403 666 579 701 dominus
603 665 695 700 Tho.
722 665 920 712 episcopus
944 664 1219 700 Lincolniensis
1244 664 1283 700 in
1309 663 1502 700 academia
1527 663 1730 700 Oxoniensi
1755 676 1859 700 sacre

405 724 588 770 theologie
605 724 792 770 professor
807 724 859 759 sit
875 724 937 759 hic
957 723 1057 770 apud
1081 736 1148 759 vos
1168 723 1208 759 in
1230 723 1386 759 eiisdem
1407 723 1524 770 gradu
1547 723 1677 759 ordine
1699 725 1739 759 et
1760 736 1859 759 anno

403 782 543 830 quibus
560 782 634 818 fuit
652 782 691 818 in
708 782 810 818 dicta
833 782 1025 818 academia
1048 782 1251 818 Oxoniensi
1314 783 1558 818 Presentatus
1580 794 1647 830 per
1669 782 1859 819 doctorem

407 841 584 879 Hawford
601 845 640 877 ct
656 841 845 878 admissus
861 842 992 878 eodem
1010 854 1096 877 cum
1119 841 1246 877 osculo
1270 841 1374 888 pacis
1398 844 1484 888 post
1505 841 1791 889 stipulationem
1813 842 1860 878 de

405 901 644 938 observantia
660 901 939 948 privilegiorum
956 901 1003 938 ad
1022 902 1182 937 formam
1199 901 1343 937 domini
1361 900 1589 938 marchionis
1605 912 1720 948 supra
