2008 3294
144 175 363 230 1586-87]
718 184 871 216 οΒΑοΕ
902 183 1024 215 BOOK
1057 182 1086 214 Δ
1603 170 1687 210 413

191 290 199 294 “
237 290 338 327 Edw.
368 288 573 326 Wollaston
599 289 690 326 Tho.
717 288 947 335 Puckeringe
1027 291 1069 325 17
1100 287 1294 324 Februarii
1323 287 1381 323 J0.
1414 286 1541 323 Heard
1568 285 1690 321 David

239 348 418 384 Robertes
436 347 595 384 Ricardo
612 346 761 383 Brabon
814 350 857 383 12
874 347 898 383 J
901 347 981 382 unii
999 345 1110 382 Cutb.
1131 346 1224 382 Dale
1241 346 1348 383 Geor.
1368 346 1439 381 Lee
1457 344 1558 382 Edw.
1579 344 1691 380 Batte

236 409 336 445 Osm.
357 408 502 444 Boorne
519 407 650 444 Caralo
674 407 864 454 Fotherby
887 411 927 443 et
953 406 1111 454 Radulp.
1137 406 1256 454 Tyrer
1303 406 1373 451 (m'
1395 403 1516 440 Abbis
1539 416 1613 440 non
1637 404 1690 439 in-

237 467 369 513 travit)

626 728 743 771 Ordo
774 726 1041 770 senioritatis
1072 741 1207 782 τηατ-9.

309 860 362 890 111¹·
379 854 515 891 Hawes
838 853 1047 889 Wollaston
1286 850 1435 887 Brabon

382 914 454 950 Lee
844 912 996 949 Morrell
1287 911 1400 947 Batte

381 972 507 1009 Heard
841 972 960 1019 Tyrer
1287 968 1477 1015 Fotherby

381 1031 540 1078 Olayton
844 1029 1014 1066 Johnson
1286 1027 1430 1075 Boorne

383 1091 581 1138 Pukeryng
842 1089 1022 1125 Robertes
1285 1087 1378 1123 Dale

381 1149 520 1187 Nelson

651 1410 861 1453 Doctores
894 1410 937 1452 in
974 1409 1193 1465 theologia

146 1540 371 1577 Conceditur
388 1544 434 1577 20
450 1541 472 1576 J
475 1540 621 1576 anum-ii
640 1541 818 1586 magistro
838 1539 1000 1575 Roberto
1019 1539 1127 1575 West
1145 1541 1185 1574 vt
1202 1537 1372 1574 studium
1393 1540 1436 1573 12
1454 1549 1639 1573 annorum
1658 1538 1696 1573 in

240 1599 425 1646 theologia
441 1602 527 1647 post
542 1598 700 1646 gradum
717 1599 1050 1635 bacchalaureatus
1071 1598 1110 1634 in
1128 1597 1258 1633 eadem
1275 1599 1492 1644 susceptum
1514 1608 1599 1632 cum
1625 1609 1698 1632 vno

241 1671 411 1695 sermone
427 1659 475 1696 ad
492 1659 633 1695 clerum
650 1662 690 1695 et
705 1657 853 1694 duobus
869 1656 1104 1693 sermonibus
1121 1656 1168 1692 ad
1186 1656 1368 1704 populum
1391 1656 1430 1692 in
1448 1656 1600 1692 ecclesie
1614 1657 1697 1702 (sic)

242 1717 350 1754 beate
368 1717 487 1754 Marie
503 1721 592 1754 ante
608 1717 690 1764 ejus
706 1717 973 1752 admissionem
991 1715 1158 1752 dicendis
1174 1721 1214 1751 et
1231 1715 1466 1762 perficiendis
1483 1716 1644 1752 sufficiat
1662 1717 1695 1751 ei

242 1776 290 1813 ad
307 1775 561 1824 incipiendum
579 1777 618 1812 in
635 1787 742 1812 sacra
758 1775 944 1821 theologia

147 1835 373 1872 Conceditur
391 1838 434 1874 27
454 1835 545 1872 Maii
565 1836 746 1882 magistro
763 1835 950 1871 willelmo
973 1834 1184 1870 Whitacres
1209 1837 1251 1870 vt
1272 1834 1443 1871 studium
1467 1838 1488 1869 5
1511 1846 1696 1870 annorum

241 1897 279 1932 in
303 1907 408 1932 sacra
428 1895 615 1942 theologia
636 1900 722 1942 post
744 1894 901 1942 gradum
930 1894 1263 1930 bacchalaureatus
1290 1894 1329 1930 in
1356 1894 1487 1931 eadem
1516 1895 1697 1931 facultate

242 1958 458 2002 susceptum
487 1967 573 1991 cum
601 1954 777 1991 omnibus
803 1954 1102 2002 oppositionibus
1130 1954 1435 2001 responsionibus
1461 1954 1698 1991 sermonibus

242 2015 449 2061 ceterisque
465 2014 651 2051 exercitiis
669 2025 734 2061 per
749 2017 896 2050 statuta
918 2014 1018 2060 regia
1038 2014 1231 2060 requisitis
1253 2014 1416 2050 sufficiat
1437 2015 1471 2050 ei
1494 2014 1541 2050 ad
1567 2015 1696 2061 incipi-

243 2074 382 2111 endum
400 2075 439 2110 in
456 2085 562 2110 sacra
577 2073 763 2120 theologia
811 2073 952 2110 Eadem
970 2074 1092 2120 gratia
1108 2073 1326 2109 conceditur
1339 2076 1384 2109 24
1398 2073 1420 2109 J
1425 2074 1503 2109 unii
1519 2074 1698 2120 magistro

245 2134 346 2170 Osm.
371 2131 513 2180 [Edm]
535 2132 692 2168 Barwell
719 2133 898 2179 magistro
924 2132 1111 2168 Willelmo
1133 2132 1280 2168 Hinton
1307 2135 1346 2169 et
1372 2133 1552 2180 magistro
1580 2133 1695 2170 Henr.

245 2191 411 2227 Withers
430 2191 498 2237 (m¹·
514 2190 620 2227 West
636 2202 712 2227 non
729 2194 787 2227 est
803 2191 1051 2238 inauguratus
1067 2194 1107 2227 et
1123 2191 1207 2227 ideo
1224 2191 1404 2228 forisfecit
1421 2203 1468 2228 xx
1478 2193 1513 2237 s)

635 2458 752 2501 Ordo
783 2458 1047 2501 senioritatis
1076 2474 1213 2516 marg.

480 2593 532 2622 ω’·
548 2586 583 2624 d.
602 2587 813 2623 Whitacres
1083 2594 1136 2624 ω’
1152 2587 1187 2624 d.
1208 2588 1363 2624 Barwell

480 2651 532 2681 mr
547 2645 583 2683 d.
602 2645 794 2682 Whithers
1080 2652 1133 2682 mr
1149 2646 1184 2684 d.
1204 2647 1364 2694 Hynton

64 2834 79 2840 -
153 2817 379 2853 Conceditur
398 2819 442 2853 19
459 2817 550 2853 Maii
567 2819 609 2852 vt
626 2817 804 2864 magister
823 2818 936 2854 Henr.
955 2817 1146 2855 Whithers
1162 2819 1213 2855 sit
1230 2819 1290 2855 hic
1306 2819 1407 2866 apud
1420 2832 1486 2856 vos
1503 2820 1541 2856 in
1554 2821 1695 2857 eisdem

247 2879 352 2913 statu
368 2876 497 2913 ordine
512 2880 551 2913 et
566 2876 685 2924 gradu
701 2877 839 2925 quibus
856 2882 914 2914 est
931 2878 970 2914 in
986 2878 1178 2915 academia
1195 2878 1397 2916 Oxoniensi
