2008 3216
151 161 370 216 1563-64]
725 168 878 200 emon
907 167 1032 199 Boox
1065 167 1092 198 Δ
1614 149 1697 191 175

590 426 708 470 Ordo
739 422 1004 468 senioritatis
1035 420 1273 464 eorundem
1718 416 1743 453 f.
1766 415 1788 454 7
1795 415 1818 452 5
1833 428 1858 452 a.

366 555 512 591 Beacon
823 549 968 587 Rastan
1270 546 1442 582 Barrowe

366 613 544 660 Wourley
823 611 947 646 Drant
1271 603 1484 641 Woulward

368 672 530 719 Puryfye
823 667 1009 705 Howland
1272 665 1429 700 Browne

366 731 540 778 Skynner
825 727 958 763 Mason
1275 721 1430 769 Gybson

367 789 492 825 Tabor
823 784 1033 833 Wyckham
1275 781 1405 817 Tower

368 847 528 884 Randall
825 844 962 880 Farfax
1271 839 1418 876 Crabbe

369 906 551 954 Hausbye
827 903 930 951 Ayer
1274 900 1487 946 Dunnyuge

369 966 492 1002 Grene
828 962 998 1008 Rokerey
1276 959 1407 1004 Davye
1422 955 1579 1005 [David]

371 1024 531 1072 Gylbart
828 1020 1008 1068 Grundey
1276 1018 1447 1055 Johnson

370 1084 502 1120 Butler
823 1082 944 1118 Lakes
1171 1080 1175 1084 '
1274 1078 1400 1115 Cooke

369 1143 589 1179 Cockcrofte
824 1140 1026 1187 Cardynall
1275 1138 1434 1174 Warner

372 1202 570 1248 Laughton
825 1199 990 1247 Lynford
1274 1196 1474 1244 Byshoppe

372 1261 535 1309 Holgate
825 1259 939 1296 Owen
1274 1254 1436 1302 Smythe

162 1382 273 1418 Mem.
292 1378 392 1427 quod
409 1377 588 1424 magister
606 1377 709 1413 Lunt
725 1377 847 1412 morte
862 1377 1136 1423 preoccupatus
1153 1384 1226 1409 non
1244 1375 1302 1408 est
1319 1372 1568 1418 inauguratus

784 1599 1090 1656 Incorporatus

163 1736 390 1774 Conceditur
406 1737 537 1784 xxviijo
553 1737 705 1773 Januar.
725 1736 782 1772 Jo.
804 1736 943 1772 Parker
965 1736 1121 1772 Oxoniis
1141 1736 1180 1771 in
1205 1740 1287 1772 arte
1310 1736 1489 1782 magistro
1513 1738 1555 1772 vt
1577 1736 1629 1771 sit
1652 1735 1713 1771 hic

257 1795 358 1843 apud
383 1807 451 1832 nos
475 1796 515 1832 in
539 1795 680 1832 eisdem
709 1795 828 1842 gradu
855 1798 895 1832 et
923 1807 1024 1832 anno
1051 1795 1191 1842 quibus
1220 1796 1295 1831 fuit
1321 1795 1361 1831 in
1391 1795 1494 1831 dicta
1521 1795 1714 1831 academia

259 1854 460 1891 Oxoniensi

630 2094 926 2137 Practicantes
956 2094 1001 2136 in
1034 2092 1251 2136 medicina

164 2224 389 2263 Conceditur
405 2226 466 2262 xix
485 2225 575 2261 Maii
596 2225 633 2261 N
635 2225 779 2261 icholao
802 2225 932 2262 Butler
955 2226 994 2261 iu
1016 2225 1164 2262 artibus
1185 2227 1364 2273 magistro
1384 2230 1423 2263 et
1445 2228 1546 2263 socio
1568 2228 1712 2275 collegii

258 2283 336 2320 divi
355 2283 455 2320 Petri
473 2286 516 2319 vt
532 2283 702 2319 studium
716 2295 740 2319 v
752 2295 937 2319 annorum
955 2283 994 2319 in
1013 2283 1198 2320 medicina
1214 2285 1375 2321 sufficiat
1392 2287 1426 2322 ei
1443 2286 1491 2322 ad
1504 2287 1711 2333 practican-

259 2343 350 2380 dum
373 2343 413 2379 in
435 2342 564 2379 eadem
587 2342 770 2379 facultate
792 2343 846 2378 sic
868 2346 912 2378 vt
933 2343 1014 2379 eius
1030 2343 1193 2379 eruditio
1209 2345 1444 2381 examinetur
1460 2357 1526 2392 per
1542 2345 1712 2382 doctores

259 2401 333 2438 Car
356 2404 396 2437 et
420 2400 570 2447 Lorkyn
592 2405 632 2436 et
655 2412 721 2447 per
740 2412 858 2436 vnum
881 2411 1011 2436 eorum
1033 2404 1273 2448 presentetur
1293 2405 1333 2438 et
1357 2415 1470 2450 super
1492 2403 1562 2439 hac
1587 2407 1712 2440 vestre

260 2460 494 2496 concessione
509 2460 637 2496 literas
654 2459 791 2496 habeat
807 2459 1024 2508 obsignatas
1041 2460 1163 2507 sigillo
1179 2465 1305 2498 vestro
1327 2463 1518 2499 communi
1541 2466 1621 2499 tam
1643 2476 1712 2511 pro

260 2519 331 2556 hac
346 2519 498 2556 licentia
509 2522 635 2556 vestra
647 2531 762 2567 quam
778 2531 846 2567 pro
861 2520 1147 2557 conversacione
1162 2525 1202 2558 et
1217 2521 1335 2568 gradu
1351 2522 1431 2558 suis
1469 2523 1712 2560 Presentatus

260 2589 327 2626 per
341 2578 532 2615 doctorem
550 2579 701 2627 Lorkyn
718 2579 780 2627 ij<¹⁰
796 2579 820 2616 J
822 2580 890 2616 ulii

168 2637 394 2675 Conceditur
413 2638 547 2675 vltimo
569 2639 661 2675 Maii
684 2639 863 2686 magistro
889 2639 1048 2676 Ricardo
1072 2640 1232 2688 Smythe
1256 2640 1399 2688 collegii
1423 2640 1502 2677 divi
1525 2640 1712 2678 Johannis

261 2696 360 2733 socio
375 2699 419 2734 vt
433 2697 603 2734 studium
618 2701 783 2745 quatuor
797 2710 980 2735 annorum
1002 2698 1042 2735 in
1062 2699 1247 2736 medicina
1266 2699 1428 2736 sufficiat
1449 2699 1483 2736 ei
1505 2699 1554 2736 ad
1575 2700 1712 2747 practi-

263 2755 423 2792 cendum
451 2756 492 2792 in
519 2757 650 2793 eadem
677 2761 717 2793 et
745 2769 857 2805 super
888 2757 958 2793 hac
990 2761 1116 2794 vestra
1147 2758 1384 2794 concessione
1415 2758 1544 2794 literas
1575 2758 1714 2795 habeat

262 2813 476 2907 obsilgnatas
491 2815 613 2862 sigillo
629 2819 754 2852 vestro
770 2816 960 2852 communi
1012 2816 1255 2852 Presentatus
1271 2828 1338 2863 per
1354 2816 1546 2853 doctorem
1562 2817 1712 2864 Lorkyn

266 2874 309 2908 21
350 2872 430 2908 unii
