2008 3294
333 180 419 221 382
915 188 1067 221 omen
1097 188 1222 220 BOOK
1253 187 1282 219 Δ
1661 177 1883 232 [1583-84·

427 304 534 328 mum
562 293 618 328 ita
645 296 774 329 tamen
803 296 846 329 vt
874 293 955 340 ipse
982 292 1023 328 in
1048 291 1212 328 comitiis
1240 294 1279 328 et
1307 291 1512 328 maioribus
1539 291 1728 328 academie
1756 291 1880 327 causis

427 353 608 388 interesse
634 356 810 389 teneatur

335 410 561 447 Conceditur
586 414 632 447 10
655 411 749 447 Julii
773 410 953 457 magistro
971 409 1140 445 Antonio
1156 409 1356 456 Wingfield
1378 409 1418 445 in
1436 409 1598 446 Galliam
1620 421 1707 445 cum
1728 409 1882 445 domiuo

431 470 570 516 Legato
587 470 800 517 profecturo
818 473 859 505 vt
877 469 997 516 possit
1018 468 1149 504 abesse
1171 480 1289 515 vsque
1311 468 1358 504 ad
1382 468 1521 504 festum
1545 469 1714 504 omnium
1736 470 1881 505 sancto-

428 539 513 564 rum
531 528 586 563 ita
602 531 644 564 vt
661 528 873 564 substituat
890 528 1113 574 magistrum
1132 527 1281 564 Overall
1299 527 1551 563 substitutum

336 586 563 622 Conceditur
587 586 716 622 eodem
742 591 785 622 vt
809 586 975 622 Thomas
1004 586 1141 633 Smyth
1169 597 1328 633 yeoman
1358 586 1478 633 possit
1506 588 1631 622 vestra
1659 586 1884 623 auctoritate

430 644 567 680 habere
585 649 625 680 et
643 645 806 691 gaudere
823 645 943 681 officio
966 645 1188 681 scrutatoris
1210 657 1386 681 vasorum
1407 645 1487 681 sive
1509 656 1664 681 munere
1684 645 1885 692 gagiatoris

430 716 497 751 per
519 705 811 750 rcsignacionem
836 704 1016 740 Willelmi
1046 704 1255 750 Howgrave
1284 715 1405 751 nuper
1433 704 1635 751 gagiatoris
1662 704 1778 740 vestri
1807 704 1882 740 iam

430 767 587 798 vacante
604 763 643 798 in
661 767 740 799 tam
757 763 884 810 amplo
902 763 1013 799 modo
1029 765 1068 799 et
1086 763 1205 799 forma
1221 775 1335 810 quam
1353 764 1417 799 alii
1434 767 1523 800 ante
1539 775 1625 800 eum
1638 764 1695 800 vsi
1712 766 1752 800 et
1766 763 1885 811 gavisi

430 825 521 857 sunt
538 825 577 857 et
593 834 706 868 super
721 822 792 857 hac
809 822 1046 859 concessione
1059 834 1126 858 sua
1139 822 1267 858 literas
1282 822 1420 859 habeat
1432 823 1615 870 sigillatas
1627 823 1748 870 sigillo
1760 826 1885 860 vestro

430 893 623 916 commum

337 938 564 974 Conceditur
580 941 603 974 8
619 939 642 974 J
646 939 714 975 ulii
731 942 774 975 vt
792 939 959 986 magistri
977 939 1158 976 Ricardus
1176 939 1324 986 Wignol
1344 939 1530 976 Robertus
1550 938 1676 976 Bisbie
1691 940 1716 976 J
1718 952 1749 976 o.
1769 941 1886 977 Davis

432 998 544 1044 Hugo
562 998 745 1045 Newbery
767 998 790 1034 J
794 1010 825 1034 0.
851 999 964 1046 Kyng
986 999 1077 1035 Tho.
1102 999 1223 1036 Crane
1245 999 1268 1035 J
1271 1011 1302 1035 0.
1329 1000 1491 1036 Harmer
1513 999 1696 1036 Ricardus
1718 1001 1742 1036 J
1744 1013 1886 1048 aqueus

430 1057 622 1093 Johannes
645 1058 818 1105 Harding
839 1058 1050 1095 Willelmus
1072 1059 1267 1096 Whitfield
1289 1062 1328 1096 et
1352 1060 1454 1107 Step.
1479 1059 1653 1097 Cotsford
1675 1061 1715 1096 in
1738 1061 1885 1099 artibus

431 1116 601 1163 magistri
624 1117 702 1153 sint
725 1117 785 1153 hic
807 1117 908 1164 apud
932 1130 998 1154 vos
1020 1117 1153 1154 iisdem
1176 1118 1306 1155 ordine
1328 1130 1427 1155 anno
1446 1122 1486 1155 et
1505 1119 1622 1166 gradu
1640 1119 1778 1167 quibus
1794 1124 1886 1157 sunt

431 1175 469 1210 in
487 1175 680 1210 academia
697 1175 898 1212 Oxoniensi

339 1233 566 1269 Conceditur
586 1233 713 1269 eodem
733 1238 775 1270 vt
794 1234 889 1270 Hen.
911 1235 1114 1282 Manuinge
1130 1238 1170 1271 et
1188 1235 1317 1271 Franc.
1337 1235 1466 1272 James
1482 1236 1606 1283 legum
1629 1236 1886 1275 bacchalaurei

433 1292 511 1328 sint
542 1292 604 1328 hic
636 1292 736 1339 apud
770 1305 836 1329 vos
868 1293 1002 1330 iisdem
1036 1294 1165 1330 ordine
1197 1306 1297 1331 anno
1330 1298 1369 1331 et
1401 1295 1519 1342 gradu
1551 1295 1692 1343 quibus
1723 1301 1815 1334 sunt
1847 1298 1887 1334 in

433 1350 624 1387 academia
648 1351 849 1389 Oxoniensi
1792 1364 1795 1365 ’
