2002 3236
169 152 392 208 1542-43]
746 163 898 196 emon
929 164 1053 195 soon
1083 164 1114 195 Δ
1689 157 1715 198 3

163 265 304 303 Eadem
320 267 441 314 gratia
456 267 503 303 de
520 266 632 304 verbo
649 267 689 303 in
706 267 862 304 verbum
879 268 1097 305 conceditur
1114 268 1296 305 Nicholao
1314 269 1469 306 Murton

165 325 263 362 Item
283 326 500 363 conceditur
520 327 544 362 J
547 327 659 363 oanni
682 327 889 363 Grenwood
912 331 954 363 vt
981 330 1024 363 12
1046 327 1199 364 termini
1222 328 1397 375 completi
1420 328 1459 364 in
1482 328 1622 375 quibus
1643 329 1713 365 lec-

257 385 379 422 tiones
411 385 618 422 ordinarias
645 386 795 422 audiuit
820 398 887 433 per
914 387 1094 423 maiorem
1124 390 1271 434 partem
1300 388 1339 423 in
1369 391 1451 424 toto
1484 400 1572 425 cum
1601 400 1713 436 oppo-

257 444 458 481 sitionibus
480 448 520 481 et
540 444 846 492 responsionibus
868 445 1060 492 requisitis
1084 446 1273 482 sufficiant
1289 446 1323 483 ei
1342 446 1390 483 ad
1413 446 1714 494 respondendum

255 503 444 550 questioni

163 561 305 598 Eadem
329 562 450 608 gratia
470 561 518 598 de
539 561 651 598 verbo
676 562 715 598 in
744 561 901 599 verbum
925 562 1142 599 conceditur
1167 563 1310 599 'rhome
1334 563 1438 600 Suell
1462 566 1502 599 et
1528 564 1714 600 Richardo

259 620 413 668 Mytche

164 679 262 716 Item
284 679 501 716 conceditur
519 679 716 716 Dominico
738 679 917 727 Heskyns
938 683 980 716 vt
1001 680 1198 716 duodecim
1221 680 1373 716 termini
1391 681 1559 727 quinque
1581 681 1651 717 hac
1674 682 1713 717 in

256 738 501 775 vniuersitate
517 742 557 774 et
575 740 721 785 septem
739 738 893 775 Oxoniis
916 739 955 775 in
979 738 1119 786 quibus
1141 739 1319 775 lectiones
1335 738 1544 775 ordinarias
1565 739 1715 776 audiuit

256 809 323 844 per
346 797 525 833 maiorem
550 800 697 844 partem
722 797 762 832 in
788 800 870 832 toto
894 809 981 833 cum
1012 797 1313 844 oppositionibus
1343 801 1382 834 et
1410 798 1714 845 responsionibus

257 855 449 902 requisitis
472 855 635 892 sufficiat
651 854 737 903 [sic]
761 855 834 891 sibi
859 855 907 891 ad
932 855 1235 903 respondendum
1259 856 1449 903 questioni

165 915 264 951 Item
280 914 496 951 conceditur
510 914 696 950 Richardo
710 914 874 962 Patryck
890 916 933 950 vt
953 917 996 950 12
1013 915 1164 951 termini
1178 926 1264 951 cum
1281 927 1325 950 eo
1342 915 1380 950 in
1395 927 1472 962 quo
1487 915 1713 952 determina-

258 977 367 1010 turus
382 976 441 1010 est
463 974 502 1010 in
525 973 665 1020 quibus
687 973 865 1009 lectiones
882 973 1090 1010 ordinarias
1112 973 1261 1010 audiuit
1284 986 1350 1020 per
1366 974 1544 1010 maiorem
1566 979 1713 1022 partem

254 1033 455 1070 cuiuslibet
481 1033 632 1069 termini
667 1045 754 1069 cum
787 1033 1088 1080 oppositionibus
1115 1037 1154 1070 et
1180 1032 1487 1080 responsionibus
1520 1034 1714 1081 requisitis

256 1092 444 1129 sufficiant
468 1092 540 1128 sibi
565 1092 613 1128 ad
639 1091 940 1139 respondendum
964 1092 1154 1139 questioni

162 1149 303 1186 Eadem
329 1151 450 1198 gratia
473 1150 520 1186 de
545 1149 658 1186 verbo
682 1149 721 1185 in
746 1148 902 1185 verbum
926 1150 1145 1186 conceditur
1168 1150 1305 1186 Joanni
1332 1150 1469 1198 Battye

163 1209 262 1245 Item
286 1209 504 1246 conceditur
527 1209 759 1246 Christofero
785 1208 928 1245 Blande
952 1214 995 1245 vt
1020 1213 1105 1246 octo
1129 1210 1281 1246 termini
1308 1210 1347 1246 in
1372 1210 1511 1258 quibus
1535 1211 1714 1248 lectiones

256 1266 463 1303 ordinarias
486 1266 634 1303 audiuit
659 1277 726 1314 per
750 1266 930 1303 maiorem
955 1270 1103 1314 partem
1128 1268 1168 1304 in
1195 1272 1277 1304 toto
1305 1280 1392 1304 cum
1414 1270 1715 1316 oppositionibus

256 1329 296 1361 et
311 1325 615 1373 responsionibus
631 1325 824 1372 requisitis
842 1326 1032 1362 sufficiant
1048 1326 1119 1362 sibi
1137 1326 1185 1363 ad
1206 1326 1507 1374 respondendum
1524 1329 1714 1375 questioni

165 1385 263 1421 Item
292 1384 509 1421 conceditur
534 1384 722 1421 Gulielmo
752 1385 911 1431 Bowghe
940 1386 1148 1432 presbitero
1178 1390 1221 1422 vt
1253 1389 1292 1422 11
1325 1387 1477 1422 termini
1507 1387 1545 1422 iu
1574 1387 1714 1434 quibus

256 1443 435 1479 lectiones
466 1443 675 1480 ordinarias
706 1443 856 1480 audiuit
895 1445 983 1480 licet
1016 1457 1090 1481 non
1123 1446 1276 1481 omnino
1311 1446 1517 1482 secundum
1553 1447 1713 1483 formam

257 1502 394 1539 statuti
410 1514 496 1538 cum
514 1501 814 1549 oppositionibus
831 1507 869 1538 et
886 1503 1191 1550 responsionibus
1208 1505 1400 1550 requisitis
1415 1505 1579 1541 sufficiat
1594 1506 1628 1542 ei
1646 1518 1714 1553 pro

255 1560 452 1608 completis
480 1560 598 1607 gradu
626 1563 666 1596 et
693 1560 814 1596 forma
841 1560 1150 1598 bachalaureatus
1175 1562 1214 1598 in
1244 1562 1392 1599 artibus
1420 1563 1474 1599 ita
1503 1563 1603 1610 quod
1633 1564 1714 1600 eius

256 1619 418 1656 eruditio
445 1619 550 1667 prius
577 1619 792 1655 examinata
820 1624 859 1655 et
887 1620 1096 1667 approbata
1122 1621 1236 1657 fuerit
1265 1634 1332 1669 per
1360 1622 1558 1669 magistros
1585 1623 1716 1660 Sadlcr

257 1681 296 1714 et
322 1677 483 1714 Haddon
509 1677 815 1725 quandoquidem
840 1677 889 1714 ab
917 1678 1136 1715 achademia
1159 1679 1207 1716 ad
1232 1681 1430 1717 seruitium
1455 1693 1500 1717 ex
1525 1682 1716 1729 insperato

256 1741 410 1774 vocatus
434 1738 535 1774 diem
560 1738 727 1774 cinerum
753 1737 965 1784 proximum
991 1737 1132 1785 absque
1155 1739 1257 1775 illius
1284 1740 1388 1786 gravi
1416 1740 1652 1777 incommodo
1676 1745 1716 1778 et

258 1796 423 1832 maximo
447 1796 644 1843 dispendio
668 1800 864 1843 expectare
888 1808 963 1832 non
988 1800 1113 1844 potest

163 1855 263 1892 Item
283 1855 500 1892 conceditur
519 1856 706 1892 Gulielmo
728 1855 987 1902 Grymsdyche
1009 1859 1051 1891 vt
1075 1858 1120 1891 10
1142 1857 1293 1892 termini
1316 1857 1492 1904 completi
1515 1858 1553 1894 in
1576 1859 1716 1906 quibus

257 1915 436 1951 lectiones
459 1914 667 1950 ordinarias
688 1914 838 1950 audiuit
859 1926 926 1961 per
941 1915 1120 1950 maiorem
1140 1919 1286 1962 partem
1307 1916 1346 1952 in
1367 1920 1449 1953 toto
1465 1929 1551 1954 cum
1569 1920 1715 1966 opposi-

257 1973 424 2010 tionibus
447 1977 487 2010 et
513 1973 819 2021 responsionibus
845 1974 1038 2020 requisitis
1065 1975 1254 2010 sufficiant
1281 1976 1315 2012 ei
1342 1976 1389 2012 ad
1414 1977 1715 2024 respondendum

258 2034 448 2080 questioni

164 2093 305 2129 Eadem
329 2093 452 2140 gratia
475 2092 693 2129 conceditur
717 2092 919 2128 Edmundo
945 2093 1079 2140 Lyster

164 2153 261 2189 Item
281 2151 499 2188 conceditur
515 2152 672 2198 Georgio
696 2152 797 2188 Maio
815 2155 855 2187 vt
875 2151 1003 2188 decem
1026 2153 1178 2188 termini
1202 2165 1288 2188 cum
1305 2165 1349 2188 eo
1371 2154 1410 2189 in
1428 2165 1504 2200 quo
1520 2157 1579 2190 est
1594 2154 1714 2191 deter-

257 2212 471 2248 minaturus
488 2212 527 2247 in
544 2210 684 2258 quibus
700 2212 879 2247 lectiones
896 2211 1104 2247 ordinarias
1121 2212 1270 2248 audiuit
1286 2225 1352 2260 per
1368 2214 1548 2250 maiorem
1568 2218 1715 2261 partem

258 2270 297 2306 in
319 2272 402 2306 toto
424 2281 510 2305 cum
533 2268 835 2316 oppositionibus
859 2272 898 2304 et
922 2269 1228 2316 responsionibus
1252 2271 1445 2317 requisitis
1469 2271 1659 2308 sufficiant
1680 2272 1715 2308 ei

256 2328 304 2364 ad
330 2327 632 2375 respondendum
657 2328 847 2375 questioni

162 2387 303 2424 Eadem
329 2387 451 2434 gratia
475 2386 693 2423 conceditur
718 2387 923 2434 Reginaldo
950 2387 1106 2423 Lovelas
1130 2388 1176 2424 de
1202 2388 1314 2424 verbo
1339 2389 1378 2424 in
1404 2389 1561 2426 verbum

163 2446 262 2482 Item
288 2445 507 2482 conceditur
535 2446 660 2482 Eliseo
690 2446 914 2482 Bradshawe
940 2450 982 2482 vt
1008 2447 1181 2483 vndecim
1210 2448 1363 2484 termini
1392 2461 1478 2484 cum
1503 2461 1546 2485 eo
1571 2449 1611 2485 in
1640 2462 1716 2496 quo

255 2504 574 2540 determinaturus
586 2508 645 2540 est
662 2505 702 2540 in
718 2504 858 2551 quibus
874 2504 1052 2540 lectiones
1065 2505 1274 2541 ordinarias
1290 2505 1439 2542 audiuit
1455 2519 1522 2554 per
1537 2507 1715 2543 maiorem

256 2565 402 2609 partem
423 2562 462 2598 in
486 2565 568 2598 toto
592 2574 680 2598 cum
708 2562 1010 2609 oppositionibus
1030 2566 1070 2598 et
1092 2563 1398 2610 responsionibus
1420 2564 1614 2611 requisitis
1639 2566 1716 2601 suf-

256 2620 384 2655 ficiant
409 2619 482 2655 sibi
507 2619 555 2655 ad
580 2620 883 2667 respondendum
907 2620 1096 2666 questioni
1576 2624 1579 2625 ’

162 2679 261 2715 Item
288 2678 504 2715 conceditur
528 2679 553 2715 d
634 2679 751 2715 Wade
767 2682 809 2715 vt
836 2682 880 2715 12
905 2680 1058 2715 termini
1084 2680 1123 2715 in
1148 2680 1287 2727 quibus
1308 2681 1487 2718 lectiones
1508 2683 1716 2721 ordinarias

257 2737 405 2774 audiuit
429 2749 496 2784 per
517 2737 696 2773 maiorem
718 2740 864 2784 partem
892 2737 932 2772 in
955 2741 1036 2773 toto
1066 2750 1153 2774 cum
1177 2740 1478 2786 oppositionibus
1502 2745 1542 2778 et
1566 2755 1715 2790 respon-

257 2795 426 2832 sionibus
445 2796 636 2843 requisitis
657 2796 846 2832 sufficiant
866 2796 900 2832 ei
923 2796 971 2832 ad
994 2797 1296 2844 respondendum
1320 2801 1510 2846 questioni

164 2855 308 2892 Eadem
324 2855 446 2903 gratia
461 2854 679 2892 conceditur
694 2854 858 2891 dominis
876 2855 995 2902 Bayly
1013 2855 1168 2903 Gybson
1185 2859 1225 2893 et
1242 2857 1393 2905 Pyndar

1503 2937 1608 2976 1—2
