2046 3224
391 250 446 290 50
970 257 1122 288 GRACE
1152 258 1276 289 Boon
1308 261 1337 288 A
1717 247 1938 304 [1547-48

390 360 533 396 Eadem
554 359 674 405 gratia
690 358 737 395 de
753 358 866 394 verbo
888 359 927 394 in
945 358 1111 414 verbnm·
1126 358 1343 395 conceditur
1362 359 1505 396 Thome
1529 360 1736 407 Kechynno
1753 360 1939 396 Gulielmo

486 418 642 454 Bircheo
659 421 698 454 et
717 417 879 453 Henrico
897 417 1058 464 Smytho

392 478 491 514 Item
518 476 735 512 conceditur
767 475 953 512 Richardo
987 476 1132 512 Kechin
1166 482 1210 512 vt
1244 479 1288 512 12
1323 477 1476 513 termini
1509 477 1687 525 completi
1724 478 1764 513 in
1802 477 1941 524 quibus

486 535 664 572 lectiones
696 535 902 571 ordinarias
934 535 1083 571 audiuit
1109 548 1174 582 per
1202 536 1381 572 maiorem
1408 540 1555 583 partem
1580 537 1620 573 in
1646 540 1728 573 toto
1755 549 1828 572 vna
1853 548 1940 572 cum

488 594 788 642 oppositionibus
804 596 843 630 et
859 594 1165 641 responsionibus
1187 595 1380 641 requisitis
1399 596 1587 632 sufficiant
1603 596 1636 632 ei
1653 595 1702 632 ad
1718 595 1942 643 responden—

488 652 580 689 dum
596 652 786 699 quoetioni

396 713 493 749 Item
525 711 742 747 conceditur
772 711 796 747 J
799 711 911 746 oanni
945 711 1130 758 Culpeper
1162 715 1204 747 vt
1239 714 1283 747 10
1324 712 1478 748 termini
1517 713 1557 748 in
1593 712 1732 760 quibus
1764 713 1943 749 lectiones

489 770 697 806 ordinarias
712 769 860 805 audiuit
878 781 944 816 per
961 770 1139 811 maiorem
1156 774 1304 817 partem
1322 770 1361 806 in
1377 774 1460 807 toto
1476 783 1563 807 cum
1585 771 1884 819 oppositionibus
1903 775 1943 808 et

489 829 794 876 responsionibus
806 829 999 875 requisitis
1011 830 1200 866 sufficiant
1216 831 1250 866 ei
1267 830 1315 866 ad
1332 830 1497 867 finaliter
1512 831 1839 868 determinandum
1856 843 1942 867 cum

489 889 623 924 ceteris
645 887 758 923 huius
780 888 869 924 anui
887 888 1245 925 determinatoribus
1295 890 1357 925 Ita.
1373 889 1474 937 quod
1490 890 1572 926 eius
1588 890 1750 926 eruditio
1766 894 1805 926 et
1822 903 1943 927 mores

490 948 595 995 prius
613 948 875 984 examinentur
890 951 930 984 et
949 948 1206 996 approbentur
1227 961 1294 996 per
1316 950 1548 996 oppositores
1570 952 1715 986 vestros
1738 953 1778 986 et
1802 954 1878 987 stet
1903 951 1943 987 in

491 1007 628 1043 scholis
644 1011 683 1042 et
699 1006 925 1044 determinet
941 1019 1028 1043 cum
1045 1008 1179 1044 ceteris
1195 1007 1473 1044 bacchalaureis
1488 1008 1602 1045 huius
1617 1009 1706 1045 anni

398 1066 496 1102 Item
517 1065 734 1101 conceditur
755 1065 920 1101 Johanni
945 1066 1079 1113 Kynge
1101 1069 1143 1102 vt
1170 1069 1213 1102 12
1239 1067 1391 1102 termini
1417 1067 1478 1102 hic
1502 1069 1541 1103 et
1566 1067 1720 1103 Oxoniis
1743 1068 1783 1104 in
1807 1067 1946 1115 quibus

491 1124 670 1161 lectiones
701 1124 908 1161 ordinarias
939 1125 1088 1161 audiuit
1120 1125 1208 1162 licet
1240 1138 1315 1162 non
1353 1126 1506 1162 omnino
1541 1125 1747 1162 secundum
1786 1127 1944 1163 formam

493 1184 630 1220 statuti
655 1196 742 1220 cum
768 1185 1068 1231 oppositionibus
1093 1188 1132 1221 et
1157 1185 1461 1233 responsionibus
1485 1186 1676 1233 requisitis
1700 1187 1888 1223 sufficiant
1912 1188 1946 1224 ei

491 1241 539 1278 ad
562 1241 724 1277 finaliter
744 1241 1074 1279 determinandum
1097 1255 1183 1279 cum
1204 1243 1338 1279 ceteris
1354 1243 1468 1279 huius
1483 1245 1574 1280 anni
1590 1244 1946 1283 determinatoribus

494 1301 557 1337 Ita
572 1299 672 1347 quod
689 1300 771 1336 eius
787 1300 948 1337 eruditio
964 1304 1004 1337 et
1020 1313 1143 1337 mores
1155 1301 1260 1348 prius
1277 1301 1539 1338 examinentur
1555 1307 1594 1338 et
1609 1303 1865 1350 approbentur
1881 1317 1947 1352 per

493 1360 725 1408 oppositores
741 1364 886 1396 vestros
901 1364 941 1397 et
957 1363 1035 1397 stet
1051 1361 1090 1397 in
1107 1361 1244 1398 scholis
1260 1373 1347 1398 cum
1363 1361 1497 1398 ceteris

488 1632 710 1676 Numerus
731 1633 1139 1677 bacchalaureorum
1161 1635 1206 1677 in
1228 1635 1396 1678 artibus
1417 1637 1541 1679 iuxta
1562 1636 1859 1680 senioritatem

759 1760 769 1783 ¹
778 1760 912 1796 Steues
1433 1761 1634 1809 Robynson

782 1819 871 1855 Hall
1433 1820 1573 1868 Whyte

779 1877 910 1914 Shawo
1431 1879 1612 1927 Curtysse

780 1936 935 1973 Yeldert
1433 1939 1579 1987 Byrche

781 1996 970 2044 Nycholas
1432 1998 1569 2046 Taylor

783 2056 954 2093 Denman
1370 2058 1404 2095 d.
1432 2058 1534 2106 Ayer

780 2116 941 2154 Stuarde
1267 2117 1270 2119 “
1432 2118 1632 2165 Atkynson

781 2175 911 2223 Anger
1434 2177 1592 2224 Smythe

778 2234 931 2272 Walker
948 2235 1046 2282 (aule
1063 2236 1177 2283 Cla-r.)
1429 2236 1580 2273 Walker
1597 2237 1633 2283 (J
1639 2236 1726 2283 his.)

782 2294 914 2342 Lakyn
1433 2294 1668 2343 Watkynson

779 2353 898 2401 Gwyn
1430 2354 1616 2402 Oulpeper

779 2411 999 2460 Goodrycke
1434 2412 1557 2450 Home

780 2471 903 2519 Levyr
1433 2472 1567 2521 Kynge

783 2530 945 2578 Kychyn

783 2588 944 2637 Kychyn

718 2645 753 2683 d.
783 2646 1008 2695 Dodyugton

481 2852 491 2875 ¹
516 2852 627 2888 Thone
643 2864 764 2889 namo·
780 2866 836 2890 ue
853 2856 990 2891 written
1007 2856 1173 2901 sidony·
1189 2857 1294 2901 along
1310 2857 1369 2892 the
1385 2857 1520 2893 bottom
1536 2857 1621 2902 edge
1635 2858 1674 2893 ol
1687 2857 1748 2893 the
1763 2867 1858 2901 page.
