2008 3294
158 201 376 258 1584—85]
738 209 890 242 GRAOE
920 207 1045 240 BooK
1076 207 1106 238 Δ
1618 189 1703 233 389

248 317 446 364 magistros
468 316 639 353 doctores
664 314 802 351 Warde
818 316 858 350 et
874 313 1027 349 Barowe
1043 314 1082 347 et
1098 321 1164 358 per
1180 320 1310 345 eorum
1327 307 1490 343 alterum
1513 307 1704 353 presente-

250 379 316 412 tur
330 375 483 412 domino
499 373 787 423 procancellario
809 373 849 408 in
872 374 1007 408 senatu
1029 372 1069 406 et
1091 380 1206 416 super
1227 368 1297 404 hac
1320 369 1446 403 vestra
1467 363 1705 401 concessione

250 434 379 470 literas
394 434 534 470 habeat
549 433 731 479 sigillatas
748 431 869 478 sigillo
886 432 1012 466 vestro
1033 426 1225 464 communi
1269 426 1511 461 Presentatus
1532 434 1600 470 per
1620 421 1703 458 doc·

251 496 370 529 torem
387 492 539 529 Barrow

618 770 926 826 Incorporatus
957 767 1002 810 in
1037 765 1253 809 medicina

157 898 382 935 Conceditur
404 900 427 934 4
451 896 669 933 Decembris
691 896 871 943 magistro
897 893 1080 930 Edwardo
1107 892 1271 929 Radcliff
1291 892 1331 928 in
1355 890 1548 926 academia
1572 889 1707 925 Auria-

251 958 352 994 censi
370 957 552 994 medicine
569 956 712 992 doctori
729 958 771 992 vt
788 956 839 991 sit
855 955 917 990 hic
939 953 1040 1001 apud
1061 964 1128 990 vos
1148 953 1189 988 in
1211 952 1353 988 eisdem
1376 950 1495 998 gradu
1518 949 1647 985 ordine
1669 951 1708 984 et

251 1028 351 1052 anno
367 1015 505 1063 quibus
522 1016 596 1051 fuit
613 1016 652 1051 in
669 1015 771 1051 dicta
787 1013 979 1050 academia
996 1013 1050 1049 sic
1066 1016 1109 1049 vt
1121 1015 1211 1048 ante
1223 1012 1304 1047 eius
1318 1009 1587 1046 admissionem
1600 1008 1710 1043 litere

251 1076 310 1112 sui
326 1075 463 1123 gradus
480 1087 604 1112 coram
621 1078 756 1111 senatu
773 1074 980 1110 recitentur
1030 1073 1274 1109 Presentatus
1290 1082 1357 1118 per
1375 1069 1566 1106 doctorem
1580 1068 1710 1104 Barow

672 1400 876 1456 Inceptor
906 1398 951 1441 in
983 1397 1198 1441 medicina

161 1530 387 1568 Conceditur
402 1532 447 1566 10
459 1529 482 1566 J
485 1529 552 1566 ulii
573 1531 680 1565 1584ο
693 1529 872 1576 magistro
889 1527 1089 1574 Radulpho
1103 1526 1238 1562 Hilton
1253 1528 1295 1562 vt
1307 1524 1477 1561 studium
1492 1526 1513 1561 7
1526 1534 1713 1559 annorum

256 1590 295 1626 in
312 1588 498 1625 medicina
514 1592 716 1636 postquam
733 1588 870 1624 rexerit
886 1588 926 1623 in
943 1586 1090 1623 artibus
1106 1597 1191 1622 cum
1211 1583 1512 1632 oppositionibus
1529 1582 1711 1630 responsi-

256 1648 390 1685 onibus
410 1649 619 1694 ceterisque
639 1647 827 1684 exercitiis
846 1659 913 1694 per
932 1649 1080 1682 statuta
1102 1645 1202 1692 regia
1224 1643 1418 1691 requisitis
1434 1642 1598 1678 sufficiat
1613 1641 1646 1676 ei
1664 1640 1711 1676 ad

256 1707 511 1754 incipiendum
528 1707 568 1742 in
586 1706 771 1744 medicina

164 1767 275 1803 Mem.
293 1766 394 1814 quod
411 1766 511 1802 idem
528 1778 603 1802 non
620 1769 679 1802 est
695 1766 944 1812 inauguratus
960 1767 999 1801 et
1015 1764 1099 1800 ideo
1115 1762 1296 1800 forisfecit
1312 1774 1359 1797 xx
1370 1773 1389 1796 s

657 2069 868 2113 Doctores
897 2067 943 2110 in
968 2067 1069 2125 jure
1100 2066 1219 2110 civili

163 2197 389 2235 Conceditur
416 2199 461 2232 10
498 2195 521 2232 J
525 2195 591 2232 ulii
620 2198 712 2232 1584
739 2195 918 2242 magistro
947 2193 1111 2231 Gabrieli
1140 2193 1272 2240 Harvy
1300 2195 1343 2228 vt
1370 2191 1541 2228 studium
1569 2194 1714 2238 septem

257 2267 442 2292 annorum
458 2255 498 2291 in
515 2255 597 2291 iure
613 2255 714 2291 civili
732 2257 933 2302 postquam
950 2253 1086 2290 rexerit
1098 2252 1139 2288 in
1151 2252 1298 2288 artibus
1311 2263 1398 2287 cum
1411 2249 1715 2298 opposicionibus

258 2314 563 2363 responsionibus
580 2314 787 2362 ceterisque
808 2313 996 2350 exercitiis
1015 2323 1083 2360 per
1102 2314 1250 2348 statuta
1271 2311 1373 2357 regia
1394 2310 1590 2357 requisitis
1613 2309 1713 2345 suffi-

258 2375 333 2411 ciat
351 2374 384 2410 ei
401 2373 448 2410 ad
466 2373 721 2421 incipiendum
739 2373 778 2409 in
795 2372 925 2409 eodem
942 2372 1023 2408 iure
1071 2369 1304 2417 Subscripsit
1321 2369 1452 2405 doctor
1468 2368 1565 2404 Heu.
1582 2368 1714 2415 Harvy

166 2434 277 2470 Mem.
302 2433 404 2481 quod
433 2433 533 2469 idem
557 2445 633 2469 non
657 2435 716 2469 est
741 2432 988 2479 inauguratus
1013 2433 1081 2467 aut
1102 2429 1291 2466 admissus
1315 2428 1414 2465 vnde
1436 2428 1616 2464 forisfecit
1638 2440 1715 2463 ns

261 2493 402 2530 Eadem
418 2493 539 2540 gratia
555 2492 772 2529 conceditur
787 2494 831 2529 16
850 2491 1067 2529 Decembris
1085 2490 1264 2537 magistro
1283 2489 1380 2526 Hen.
1400 2489 1591 2524 Hickman

166 2551 393 2589 Conceditur
410 2554 447 2587 1⁰
463 2551 682 2588 Decembris
700 2550 878 2598 magistro
903 2549 1063 2586 Ricardo
1084 2548 1269 2585 Hudsono
1292 2548 1428 2584 Oxonii
1450 2547 1490 2583 in
1511 2547 1592 2582 iure
1613 2546 1714 2582 civili

262 2611 528 2647 bacchalaureo
545 2614 588 2647 vt
604 2611 655 2647 sit
671 2610 733 2646 hic
748 2610 850 2657 apud
868 2621 934 2646 vos
951 2610 991 2646 in
1008 2608 1148 2645 eisdem
1165 2607 1284 2655 gradu
1300 2607 1430 2644 ordine
1451 2611 1491 2643 et
1511 2618 1611 2643 anno
1632 2606 1714 2653 qui-

261 2670 332 2706 bus
349 2672 407 2706 est
423 2670 463 2706 in
479 2669 581 2706 dicta
597 2669 788 2706 academia
805 2668 1007 2706 Oxoniensi

169 2729 396 2766 Conceditur
412 2731 450 2767 7⁰
465 2728 683 2766 Decembris
700 2729 880 2776 magistro
898 2727 1058 2764 Ricardo
1076 2726 1261 2764 Hudsono
1278 2729 1321 2762 vt
1336 2725 1508 2762 studium
1533 2727 1580 2761 20
1600 2736 1714 2761 anno-

264 2799 348 2824 rum
364 2788 403 2823 in
420 2787 502 2824 iure
517 2787 618 2823 civili
637 2790 724 2834 post
743 2786 902 2833 gradum
922 2786 1258 2823 bacchalaureatus
1280 2785 1320 2820 in
1344 2784 1475 2821 eodem
1497 2774 1714 2830 susceptum

264 2858 350 2883 cum
365 2846 512 2882 duabus
523 2844 827 2893 responsionibus
840 2857 958 2892 quum
971 2856 1046 2880 non
1059 2844 1179 2891 possit
1191 2843 1399 2890 comparari
1413 2843 1478 2889 qui
1492 2841 1716 2888 respondeat

264 2905 426 2941 sufficiat
441 2904 476 2941 ei
491 2904 539 2941 ad
556 2904 813 2951 incipiendum
829 2904 869 2940 in
882 2903 1013 2940 eodem
1029 2904 1110 2939 iure
1160 2903 1406 2938 Presentatus
1421 2913 1488 2948 per
1504 2901 1538 2937 d.
1560 2901 1687 2948 Bynge
