2008 3216
319 174 404 216 150
901 181 1054 214 emor:
1083 181 1207 213 BOOK
1239 181 1270 212 Δ
1649 170 1868 226 [1560-61

318 285 546 323 Conceditur
563 287 609 321 23
625 284 650 321 J
653 285 734 321 unii
750 285 843 322 Tho.
862 285 985 321 Broke
1002 288 1045 321 vt
1061 285 1233 321 studium
1250 287 1297 321 20
1313 296 1499 320 annorum
1519 284 1559 320 in
1575 283 1762 331 theologia
1785 295 1872 320 cum

412 343 713 392 oppositionibus
734 343 1040 391 responsionibus
1064 342 1299 380 sermonibus
1321 346 1360 379 et
1375 343 1460 379 aliis
1483 342 1669 379 exercitiis
1684 355 1752 390 per
1771 343 1874 389 regia

413 406 561 439 statuta
577 402 771 449 requisitis
788 402 1024 449 perficiendis
1041 402 1140 438 infra
1157 414 1299 438 annum
1316 405 1403 449 post
1418 402 1500 438 eius
1519 401 1785 438 admissionem
1801 401 1874 438 sub

413 474 510 510 pena
533 461 578 498 1¹¹
607 461 780 508 ponenda
812 461 852 496 in
877 462 1054 497 manibus
1077 464 1362 509 procuratorum
1387 464 1477 498 ante
1501 461 1583 497 eius
1606 461 1872 498 admissionem

413 521 574 557 sufficiat
590 521 624 556 ei
643 524 722 556 tam
739 519 787 555 ad
803 519 1068 567 opponendum
1081 532 1197 567 quam
1210 520 1258 556 ad
1276 520 1497 556 intrandum
1510 520 1548 556 in
1567 532 1672 556 sacra
1687 520 1874 567 theologia

414 580 615 616 Admissus
632 582 678 615 28
695 579 719 615 J
721 579 802 615 unii

597 783 827 831 Numerus,
852 783 1264 827 bacchalaureorum
1296 784 1342 826 in
1373 784 1593 840 theologia

508 910 662 957 ¹Lakyn
996 909 1052 945 Mr
1077 909 1162 947 Leo,
1189 909 1405 957 Pylkynton
1572 909 1698 945 Fuller

524 969 688 1016 Jeffraye
997 968 1158 1004 Newton
1571 967 1731 1015 Clayton

525 1028 550 1064 J
552 1040 584 1065 0.
614 1028 830 1076 Pylkynton
999 1027 1080 1064 Bell
1570 1027 1692 1064 Broke

159 1230 184 1268 f·
208 1230 255 1268 61
276 1230 302 1266 b
604 1231 768 1274 Gratiae
800 1230 918 1273 varie
948 1230 1133 1286 gradum
1164 1245 1251 1273 non
1283 1237 1590 1275 concernentes

318 1355 548 1392 Conceditur
564 1359 609 1392 22
628 1355 853 1392 Novembris
870 1359 912 1393 vt
928 1368 1058 1392 omnes
1074 1357 1140 1403 qui
1157 1356 1315 1403 posthac
1337 1356 1468 1392 vinum
1491 1356 1657 1393 vendant
1681 1356 1780 1392 infra
1803 1355 1874 1392 hoc

414 1415 594 1463 oppidum
611 1417 852 1462 assignentur
867 1428 934 1463 per
950 1416 1195 1463 magistratus
1215 1427 1376 1462 quorum
1399 1416 1558 1452 interest
1577 1427 1644 1463 per
1658 1415 1875 1452 achademie

415 1478 563 1511 statuta
580 1475 818 1522 habeantque
835 1476 1027 1512 licentiam
1045 1487 1153 1512 suam
1176 1475 1248 1512 sub
1270 1476 1392 1523 sigillo
1409 1478 1534 1512 vestro
1556 1476 1746 1512 communi
1769 1476 1874 1511 iuxta

413 1539 542 1571 actum
561 1535 805 1572 Parliamenti
821 1535 967 1572 editum
985 1536 1023 1571 in
1041 1536 1111 1572 hac
1127 1539 1236 1583 parte

319 1593 547 1630 Conceditur
574 1594 707 1631 vltimo
733 1595 907 1631 Januarii
939 1598 982 1631 vt
1014 1595 1146 1632 doctor
1178 1595 1312 1632 Bound
1341 1596 1462 1643 possit
1490 1598 1706 1643 presentem
1737 1594 1872 1631 bacha-

414 1653 560 1690 laureos
585 1654 623 1690 in
651 1654 794 1690 musica
818 1653 866 1690 ob
891 1653 1080 1690 defectum
1105 1654 1270 1691 doctoris
1294 1654 1334 1690 in
1359 1666 1403 1691 ea
1426 1655 1606 1691 facultate

319 1712 548 1750 Conceditur
579 1713 710 1750 eodem
742 1717 785 1750 vt
818 1714 988 1760 magistri
1019 1714 1146 1762 Lynge
1179 1718 1217 1751 et
1251 1714 1458 1762 Howgrave
1491 1715 1570 1751 sint
1601 1714 1875 1751 examinatores

413 1773 752 1819 questionistarum
777 1772 847 1809 hoc
871 1784 972 1809 anno

319 1830 548 1867 Conceditur
576 1831 706 1868 eodem
740 1834 783 1868 vt
814 1831 1103 1868 determinaturi
1135 1832 1284 1880 possint
1315 1833 1539 1880 respondere
1570 1833 1758 1880 questioni
1791 1834 1877 1880 post

413 1891 713 1938 purificationem
738 1891 847 1928 beate
873 1892 992 1928 Mai-ie
1016 1904 1092 1928 non
1117 1892 1293 1929 obstante
1317 1895 1465 1929 statuto

318 1949 547 1987 Conceditur
563 1953 609 1988 26
627 1950 820 1987 Februarii
839 1954 881 1987 vt
898 1951 1078 1998 magister
1096 1951 1333 1999 Gyrlyngton
1351 1952 1471 1999 possit
1492 1951 1630 1988 habere
1651 1950 1777 1987 omnia
1793 1950 1876 1987 iura

411 2009 609 2056 pensiones
633 2009 830 2046 commoda
856 2014 896 2046 et
920 2009 1114 2057 privilegia
1138 2021 1213 2057 que
1236 2010 1285 2047 ad
1310 2010 1472 2046 officium
1498 2009 1657 2046 oratoris
1681 2009 1873 2056 pertinent

414 2072 495 2105 tam
520 2068 647 2116 amplo
672 2069 783 2106 modo
806 2080 922 2116 quam
947 2069 1061 2106 ceteri
1087 2068 1289 2106 habuerint
1312 2069 1378 2117 qui
1403 2072 1493 2106 ante
1517 2081 1603 2106 eum
1628 2069 1697 2105 hoc
1722 2080 1876 2105 munere

414 2126 536 2163 functi
561 2129 653 2162 sunt

319 2181 548 2219 Conceditur
580 2185 626 2219 28
661 2182 791 2219 Martii
820 2184 864 2219 vt
896 2194 1018 2219 sermo
1047 2182 1095 2219 ad
1122 2182 1263 2219 clerum
1289 2182 1338 2219 ad
1371 2194 1483 2230 quem
1516 2186 1668 2219 tenetur
1699 2182 1878 2229 magister

415 2241 652 2289 Stephenson
690 2242 835 2278 ratione
874 2242 1012 2288 gradus
1046 2242 1211 2290 suscepti
1247 2242 1368 2290 possit
1405 2242 1546 2279 differri
1585 2243 1625 2279 in
1664 2242 1875 2290 proximum

413 2313 556 2338 annum
573 2302 753 2349 quoniam
771 2314 838 2350 per
856 2302 979 2339 multa
1002 2302 1154 2349 negocia
1176 2306 1356 2339 avocatus
1372 2314 1457 2339 eum
1483 2314 1583 2339 nunc
1606 2302 1778 2349 perficere
1801 2313 1876 2338 non

414 2365 540 2409 potest
646 2361 701 2397 ita
717 2364 846 2397 tamen
864 2365 906 2398 vt
922 2373 1009 2398 eum
1027 2361 1195 2409 perficiat
1212 2364 1302 2398 aute
1323 2361 1647 2409 quadragesimam
1668 2361 1876 2409 proximam

412 2420 485 2457 sub
502 2431 599 2468 pena
615 2419 700 2468 xxvj
713 2432 731 2456 s
748 2419 812 2468 viij
825 2419 850 2457 d
868 2420 1065 2467 (forisfecit
1082 2421 1214 2470 marq.)

319 2478 547 2515 Conceditur
559 2480 582 2514 6
594 2478 617 2515 J
622 2478 701 2514 unii
715 2481 758 2515 vt
771 2478 963 2526 responsio
975 2481 1015 2515 et
1027 2479 1213 2527 oppositio
1225 2479 1274 2516 ad
1290 2491 1385 2527 quas
1402 2482 1554 2516 tenetur
1570 2478 1749 2526 magister
1766 2478 1877 2527 Maye

414 2538 560 2574 ratione
584 2536 722 2584 gradus
745 2537 910 2584 suscepti
937 2537 1056 2585 possit
1079 2537 1219 2574 differri
1250 2538 1289 2575 in
1316 2538 1525 2586 proximam
1552 2537 1876 2585 quadragesimam

413 2595 485 2632 sub
510 2607 606 2643 pena
631 2595 667 2632 xl
680 2608 700 2631 s

319 2654 547 2691 Coniceditur
574 2657 597 2691 6
625 2654 731 2691 Junii
760 2657 803 2691 vt
836 2654 1015 2702 magister
1045 2654 1175 2703 Lakyn
1209 2655 1261 2693 sit
1287 2667 1384 2692 vnus
1416 2667 1460 2692 ex
1487 2655 1783 2703 predicatoribus
1808 2655 1878 2692 hoc

413 2725 513 2750 atino
538 2712 587 2750 ab
611 2712 830 2750 achademia
855 2724 921 2761 per
943 2713 1179 2762 privilegium
1203 2714 1345 2762 regium
1369 2714 1587 2751 emittendis
1610 2718 1649 2751 et
1673 2726 1786 2762 snper
1809 2714 1877 2751 hac

415 2777 540 2808 vestra
555 2772 793 2808 concessione
811 2771 948 2809 habeat
965 2772 1093 2809 literas
1109 2773 1299 2810 communi
1317 2772 1439 2821 sigillo
1457 2776 1582 2810 vestro
1599 2772 1816 2820 obsignatas

389 2889 396 2910 ¹
422 2889 534 2921 'rheae
552 2899 670 2922 neme·
687 2899 745 2922 are
761 2889 930 2931 arranged
947 2889 983 2923 ln
1000 2900 1066 2923 one
1082 2890 1223 2925 column
1240 2891 1344 2933 along
1361 2891 1420 2925 the
1436 2892 1568 2925 bottom
1584 2892 1622 2925 or
1636 2892 1696 2926 the
1712 2902 1809 2935 page.
