1976 3276
347 154 432 196 226
928 161 1080 192 GRACE
1112 160 1236 191 Boon
1269 160 1298 190 Δ
1678 146 1898 204 [1568-69

440 263 532 299 dum
545 275 660 310 quam
672 263 721 299 ad
733 262 954 299 intrandum
968 263 1007 298 in
1020 274 1127 298 sacra
1139 261 1327 308 theologia
1371 263 1612 308 presentatus
1629 272 1696 307 per
1707 260 1898 296 doctorem

443 322 691 369 Longeworth
713 325 754 358 et
775 321 964 358 admissus
988 322 1031 358 17
1053 321 1077 357 J
1080 321 1161 357 unii
1210 320 1387 367 (quedam
1411 320 1590 356 exercitia
1611 319 1839 355 differuntur
1860 317 1899 352 in

443 383 656 429 proximum
672 393 816 417 annum
834 382 966 429 mary.)

349 441 577 477 Conceditur
598 443 644 476 10
660 440 767 476 Junii
791 440 973 486 magistro
997 439 1088 474 Tho.
1115 439 1273 474 Browne
1296 450 1416 484 nuper
1438 438 1582 484 collegii
1607 437 1713 483 Regii
1736 436 1835 472 socio
1858 437 1900 470 vt

442 499 613 535 studium
637 498 687 544 vij
715 509 900 533 annorum
923 497 964 532 in
986 497 1175 543 theologia
1198 500 1401 543 postquam
1424 496 1562 532 rexerit
1584 497 1624 532 in
1646 495 1792 531 artibus
1813 506 1900 530 cum

442 558 591 594 duobus
623 556 864 593 sermonibus
893 556 941 592 ad
971 557 1113 592 clerum
1143 559 1182 592 et
1211 556 1247 603 vj
1279 556 1328 591 ad
1357 555 1540 602 populum
1565 555 1655 602 quia
1679 554 1900 590 difficultate

442 615 619 652 audiendi
645 614 852 661 impeditur
875 626 952 660 quo
975 614 1103 650 minus
1127 614 1353 660 respondeat
1376 613 1612 660 perficiendis
1635 613 1734 649 infra
1755 623 1900 648 annum

442 733 609 769 nendum
638 744 754 779 quam
780 732 829 767 ad
862 732 1084 768 intrandum
1114 732 1154 767 in
1183 743 1289 767 sacra
1317 731 1505 778 theologia
1561 731 1806 767 Presentatus
1833 741 1900 777 per

441 791 634 827 doctorem
660 790 906 837 Longeworth
954 790 1144 826 admissus
1163 793 1200 825 1⁰
1216 790 1238 826 J
1243 790 1308 825 ulii
1360 790 1519 836 (peregit
1535 790 1663 825 omnia
1680 789 1812 836 mar-9.)

347 850 577 886 Conceditur
596 849 680 896 viij⁰
699 850 723 885 J
726 849 794 885 ulii
815 849 998 896 magistro
1014 849 1038 885 J
1041 861 1073 885 o.
1092 848 1231 884 Welles
1248 852 1290 884 vt
1306 849 1479 885 studium
1496 852 1517 886 7
1534 860 1721 885 annorum
1738 849 1779 884 in
1795 848 1900 884 theo-

441 968 616 1015 ponenda
640 971 700 1004 etc
725 968 890 1004 sufficiat
914 968 948 1004 ei
973 971 1055 1003 tam
1083 967 1132 1003 ad
1162 967 1429 1015 opponendum
1458 960 1574 1014 quain
1603 967 1652 1003 ad
1680 966 1900 1003 intrandum

441 1026 481 1062 in
505 1038 611 1062 sacra
628 1026 816 1072 theologia
866 1026 1111 1062 Presentatus
1132 1038 1198 1073 per
1219 1025 1411 1062 doctorem
1428 1025 1640 1073 Whitgyfte
1656 1028 1696 1062 et
1711 1025 1900 1062 admissus

441 1085 573 1121 eodem
622 1086 813 1130 (mortuus
829 1086 963 1133 mary.)

349 1144 492 1180 Eadem
509 1144 631 1191 gratia
647 1143 866 1180 conceditur
883 1143 1013 1180 eodem
1031 1144 1211 1191 magistro
1224 1144 1288 1179 W⁰
1300 1143 1480 1191 Wyckam
1497 1155 1583 1179 cum
1600 1143 1729 1180 studio
1747 1148 1768 1180 5
1785 1156 1899 1180 anno-

442 1215 527 1238 rum
572 1203 817 1239 Presentatus
833 1215 901 1250 per
916 1203 1107 1239 doctorem
1123 1203 1339 1240 Chaderton
1350 1206 1388 1239 et
1405 1203 1595 1239 admissus
1608 1203 1738 1240 eodem
1779 1205 1900 1251 (pere-

440 1263 497 1310 git
513 1263 641 1299 omnia
657 1263 791 1312 mar-9.)

911 1505 1029 1549 Ordo
1061 1506 1328 1548 senioritatis

440 1631 494 1667 Μ’·
513 1631 682 1679 Lyudley
702 1632 801 1667 Pem.
822 1635 843 1667 5
862 1632 956 1667 Nov.
975 1631 1166 1667 admissus
1248 1631 1304 1667 Μ’·
1320 1631 1488 1678 Buckley
1505 1631 1528 1667 J
1531 1644 1562 1667 o.
1583 1634 1629 1667 28
1647 1632 1738 1668 Maii

441 1690 496 1725 Mr
513 1690 670 1726 Warren
689 1691 764 1726 Tri.
787 1694 831 1727 10
848 1691 871 1726 J
874 1691 954 1727 unii
1248 1690 1304 1726 Μ’·
1321 1691 1453 1726 Carter
1469 1690 1526 1726 Jo.
1548 1693 1590 1728 17
1609 1691 1632 1726 J
1636 1692 1715 1727 unii

442 1749 497 1784 Μ’·
515 1749 671 1785 Browne
690 1750 754 1786 Re.
775 1753 812 1786 1⁰
828 1750 850 1785 J
854 1750 920 1785 ulii
1248 1751 1304 1786 Μ’·
1320 1749 1446 1786 Tabor
1463 1750 1605 1787 Christi
1624 1753 1670 1787 30
1687 1751 1793 1788 octo.

440 1806 494 1842 Mr
511 1806 653 1843 Gravet
674 1807 773 1845 Pem.
795 1811 832 1843 1⁰
848 1807 870 1843 J
874 1808 941 1843 ulii
1246 1809 1302 1844 Mr
1320 1808 1499 1856 Hausbye
1515 1809 1572 1845 Jo.
1595 1812 1639 1845 10
1655 1810 1761 1846 Junii

439 1866 495 1901 Mr
515 1866 620 1901 Huet
638 1866 752 1913 Regn.
772 1870 817 1902 25
837 1867 967 1903 Martii
1249 1869 1304 1904 Μ’·
1322 1869 1444 1906 Drant
1460 1869 1483 1905 J
1487 1881 1517 1905 o.
1540 1872 1584 1906 10
1600 1869 1622 1905 J
1627 1870 1705 1906 unii

438 1923 494 1959 Μ’
511 1923 660 1971 Lynsey
676 1924 700 1960 J
703 1936 735 1961 o.
757 1927 801 1960 13
820 1925 910 1961 Maii
1244 1927 1299 1963 Μ’·
1317 1927 1482 1975 Lynford
1504 1927 1615 1974 Regu.
1638 1930 1682 1964 10
1697 1929 1720 1964 J
1724 1929 1803 1965 unii

440 1983 495 2018 Μ’·
512 1983 668 2020 Browne
685 1984 760 2021 Tri.
783 1988 819 2020 1⁰
835 1984 979 2032 Aprilis
1245 1986 1300 2022 Μ’·
1317 1987 1447 2023 Tower
1465 1987 1578 2034 Regn.
1598 1990 1620 2023 3
1637 1988 1660 2024 J
1664 1988 1742 2024 unii

438 2042 494 2078 Μ’·
510 2042 706 2090 Ohapman
725 2044 799 2082 Tri.
820 2047 864 2080 25
884 2044 1013 2080 Martii
1244 2046 1299 2081 Μ’·
1316 2046 1510 2094 Harryson
1531 2049 1574 2085 17
1592 2047 1615 2083 J
1619 2047 1699 2083 unii

438 2101 493 2136 Μ’·
510 2101 615 2137 Goad
636 2102 760 2149 Regal.
780 2106 801 2138 4
821 2103 951 2139 Martii
1247 2104 1302 2140 Μ’·
1318 2105 1457 2142 Welles
1475 2105 1551 2142 Cla.
1571 2108 1593 2142 8
1611 2106 1634 2142 J
1637 2105 1705 2143 ulii

439 2160 493 2196 Μ’·
509 2160 681 2197 Johnson
698 2161 756 2198 J0.
779 2164 821 2199 17
839 2162 863 2198 J
867 2162 945 2198 unii
1245 2163 1300 2199 Μ’·
1318 2164 1527 2211 Wyckham
1548 2165 1672 2212 Regal.
1692 2167 1714 2201 8
1731 2165 1754 2202 J
1758 2166 1824 2203 ulii

439 2219 494 2254 Μ’
511 2218 657 2255 Non-ton
676 2219 719 2255 G.
738 2220 769 2256 δι
786 2220 825 2256 C.

438 2274 494 2310 Μ’·
510 2274 706 2311 Castelton
724 2276 767 2311 G·
786 2275 817 2312 &
834 2222 898 2325 Q}
923 2252 965 2286 13
985 2249 1075 2286 Maii
1516 2256 1562 2290 22

185 2513 210 2552 f.
234 2513 325 2552 9812
841 2520 1053 2566 Doctores
1085 2523 1131 2566 iu
1165 2524 1385 2583 theologia

339 2630 568 2668 Conceditur
600 2635 622 2667 b
659 2632 883 2671 Novembris
916 2636 1097 2682 magistro
1129 2637 1295 2675 Johanui
1332 2639 1487 2687 Younge
1526 2643 1814 2689 procancellario
1848 2650 1890 2681 vt

433 2689 604 2727 studium
637 2691 671 2738 vj
702 2704 888 2731 annorum
920 2695 956 2731 in
989 2697 1175 2745 theologia
1204 2703 1290 2745 post
1318 2699 1476 2745 gradum
1508 2700 1819 2740 bachalauroatus
1848 2704 1885 2740 in

432 2748 561 2785 eadem
580 2757 797 2798 sumptum
816 2765 901 2790 cum
920 2754 1067 2791 duobus
1083 2756 1320 2794 sennonibus
1338 2770 1410 2794 vno
1427 2758 1473 2795 ad
1491 2759 1631 2796 olerum
1649 2764 1688 2797 et
1704 2762 1822 2798 altero
1838 2762 1887 2799 ad

431 2818 579 2844 crucem
597 2808 674 2845 divi
698 2809 801 2847 Pauli
820 2817 859 2847 et
878 2824 950 2848 vnn
972 2814 1213 2861 responsione
1236 2815 1309 2852 iam
1335 2818 1496 2864 peractis
1518 2819 1680 2856 sufficiat
1702 2821 1735 2857 ei
1759 2819 1806 2857 ad
1830 2821 1885 2858 in-

431 2866 646 2914 cipiendum
672 2868 708 2905 in
733 2881 838 2906 naci-a
862 2871 1049 2920 theologia
1071 2873 1125 2909 nic
1150 2879 1191 2911 vt
1213 2875 1294 2911 cius
1317 2875 1495 2913 admissio
1512 2880 1588 2914 stet
1606 2890 1673 2925 pro
1690 2879 1887 2927 completis
