1976 3276
159 186 377 243 1572-73]
730 197 882 228 cssAcm
915 197 1038 228 BOOK
1069 196 1098 228 Δ
1616 188 1701 229 263

155 301 271 337 Kette
434 303 524 338 Ben.
667 301 797 338 Franc.
817 301 931 338 Holte
947 301 971 337 J
973 313 1004 337 0.
1184 300 1338 346 Megson
1465 299 1490 335 J
1492 311 1524 337 0.

155 359 327 396 Fletcher
433 361 541 397 Clare
671 361 860 396 Braunam
950 360 974 395 J
975 371 1008 395 o.
1186 358 1354 394 Farrand
1465 358 1541 394 Tri.

155 419 366 466 Frankleyn
435 420 523 456 Kat.
668 419 799 455 Ducke
947 446 978 482 Τ
1002 448 1009 455 .
1184 418 1299 466 Paget
1467 418 1631 463 Reginal.

154 478 374 579 Mydgeley}
433 508 510 544 Bon
666 477 784 514 Jacob
810 428 824 518 ξ
979 459 1021 484 η’
1419 478 1466 512 63

154 538 257 573 Dove
513 536 521 544 '

153 665 264 703 Mem.
291 665 391 712 quod
420 666 477 702 J0.
507 666 708 714 Robynson
737 678 812 702 non
841 666 1014 702 interfuit
1039 665 1203 702 comitiis
1231 668 1270 701 et
1299 665 1381 701 ideo
1407 665 1587 702 forisfecit
1613 677 1698 702 cau-

245 725 386 760 tionem

151 782 376 818 Conceditur
400 785 444 818 16
467 782 683 819 Decembris
706 782 807 819 Edw.
825 783 974 819 Graunt
997 782 1036 818 in
1056 782 1248 818 academia
1265 782 1467 818 Oxoniensi
1491 783 1530 819 in
1552 783 1700 819 artibus

245 841 423 887 magistro
442 845 483 878 vt
501 842 553 877 sit
574 842 636 878 hic
657 842 758 889 apud
782 854 848 878 vos
871 843 909 878 in
927 842 1081 879 eiisdem
1104 842 1222 889 gradu
1239 842 1368 878 ordine
1384 846 1424 878 et
1443 854 1542 878 anno
1559 842 1699 890 quibus

243 904 301 936 est
317 901 417 948 apud
433 914 521 938 suos
538 902 766 938 Oxonienses

150 959 290 995 Eadem
315 960 436 1005 gratia
460 959 676 996 conceditur
700 962 722 995 8
745 960 768 995 J
772 960 837 996 ulii
858 960 1027 996 Antonio
1052 960 1193 1008 Blynco
1218 960 1309 996 Tho.
1340 959 1532 1007 Philipson
1557 960 1695 996 Christ.

244 1018 444 1066 Atkynson
470 1019 560 1055 Tho.
589 1019 816 1066 Manerynge
842 1019 986 1066 Myloni
1013 1020 1084 1055 Lee
1109 1023 1148 1054 et
1174 1019 1237 1055 W⁰
1263 1019 1377 1055 Holte

624 1298 871 1341 Praeticans
907 1299 952 1341 in
986 1298 1220 1356 Chirurgia
1714 1300 1739 1338 f.
1767 1299 1881 1338 1101»

150 1425 376 1462 Conceditur
413 1428 455 1463 17
490 1424 664 1462 Octobris
695 1426 846 1462 doctore
885 1426 1028 1472 Rogero
1066 1426 1187 1462 Kelke
1219 1426 1521 1462 vicecancellario
1554 1427 1697 1463 'rhome

242 1485 420 1521 Turswell
448 1485 589 1531 collegii
621 1485 770 1532 Regalis
799 1485 899 1521 socio
929 1489 970 1521 vt
1002 1485 1172 1522 studium
1202 1488 1241 1522 et
1269 1486 1434 1533 practica
1463 1489 1486 1522 6
1511 1498 1696 1523 annorum

242 1544 281 1579 in
298 1544 484 1590 chirurgia
505 1544 666 1580 sufficiat
682 1545 716 1580 ei
733 1544 780 1580 ad
801 1545 1085 1592 practicandum
1104 1545 1142 1581 in
1159 1545 1290 1581 eadem
1307 1545 1361 1581 sic
1378 1548 1420 1581 vt
1435 1546 1516 1581 eius
1532 1546 1698 1592 cognicio

240 1604 345 1650 prius
368 1604 603 1639 examinetur
626 1607 665 1639 et
693 1603 922 1651 approbetur
949 1616 1016 1651 per
1039 1604 1209 1640 doctores
1239 1605 1409 1641 Hatcher
1433 1609 1471 1641 et
1497 1605 1633 1641 Warde
1657 1609 1696 1642 et

241 1674 307 1710 per
329 1674 446 1698 vnum
474 1674 602 1699 eorum
632 1666 869 1710 presentetur
897 1664 935 1700 in
965 1665 1076 1712 plena
1104 1665 1392 1712 congregacione
1418 1666 1627 1711 regentium
1658 1670 1697 1701 et

241 1731 353 1767 super
381 1719 450 1756 hac
474 1721 714 1756 concessionev
739 1724 864 1757 vestra
892 1721 1021 1758 literas
1050 1722 1188 1758 habeat
1216 1722 1398 1769 sigillatas
1426 1723 1547 1770 sigillo
1573 1726 1697 1760 vestro

239 1780 429 1815 communi
479 1781 721 1817 Presentatus
747 1793 813 1828 per
836 1782 1027 1818 doctorem
1052 1782 1167 1819 Ward
1196 1785 1239 1819 16
1266 1783 1483 1819 Decembris

629 2061 877 2104 Praeticans
909 2062 954 2104 in
988 2062 1206 2106 Medicina

145 2188 371 2225 Conceditur
394 2191 438 2225 19
459 2189 630 2226 Januarii
653 2190 833 2236 magistro
855 2191 998 2227 Thome
1021 2191 1222 2238 Barwycke·
1244 2194 1287 2229 vt
1311 2192 1482 2229 studium
1508 2196 1554 2229 20
1578 2206 1694 2230 anno-

238 2259 323 2284 rum
347 2248 386 2284 in
411 2248 595 2284 medicina
617 2252 817 2296 postquam
840 2250 976 2286 rexerit
1001 2250 1040 2286 in
1065 2250 1211 2287 artibus
1235 2252 1398 2288 sufficiat
1422 2252 1456 2288 ei
1481 2253 1528 2289 ad
1556 2254 1693 2300 practi-

238 2305 399 2342 candum
421 2306 460 2341 in
478 2306 606 2342 eadem
626 2306 805 2343 facultate
821 2307 875 2343 sic
892 2310 934 2343 vt
950 2307 1031 2344 eius
1046 2308 1209 2344 eruditio
1225 2311 1264 2344 et
1281 2310 1447 2356 cognicio
1463 2311 1695 2358 approbetur

238 2376 305 2412 per
331 2364 500 2401 doctores
530 2365 699 2401 Hatcher
723 2368 762 2401 et
791 2366 962 2402 Barrowe
989 2370 1028 2402 et
1058 2379 1123 2414 per
1149 2379 1263 2404 vnum
1293 2380 1423 2405 eorum
1457 2375 1696 2417 presentetur

239 2427 278 2459 et
299 2436 412 2471 super
433 2425 502 2461 hac
518 2428 642 2461 vestra
658 2425 896 2462 concessione
911 2425 1041 2462 literas
1063 2425 1201 2462 habeat
1223 2427 1407 2474 sigillatas
1429 2429 1551 2475 sigillo
1569 2435 1694 2467 vestro

240 2483 429 2518 communi

145 2541 370 2577 Conceditur
398 2544 444 2578 23
472 2541 495 2577 J
499 2541 579 2577 unii
605 2553 691 2578 cum
720 2542 899 2591 magister
927 2542 1092 2578 Thomas
1121 2543 1322 2590 Barwycke
1348 2545 1408 2580 cui
1438 2547 1693 2592 superioribus

239 2601 371 2637 diebus
390 2601 626 2637 concessistis
646 2601 808 2648 gratiam
829 2601 877 2638 ad
900 2601 1185 2649 practicandum
1208 2603 1248 2639 in
1274 2603 1459 2639 medicina
1483 2607 1592 2641 tanta
1615 2619 1692 2643 cor-

239 2661 340 2707 poris
375 2660 632 2697 imbecillitate
663 2660 808 2698 laboret
839 2666 882 2696 vt
913 2660 961 2696 ad
993 2660 1224 2697 academiam
1256 2662 1429 2699 accedere
1463 2675 1537 2700 non
1574 2667 1694 2712 possit

239 2719 384 2766 placeat
417 2719 522 2756 vobis
554 2723 596 2756 vt
634 2719 733 2755 idem
766 2719 1010 2755 nihilominus
1045 2731 1158 2767 super
1192 2719 1465 2767 approbacione
1496 2722 1694 2761 doctorum

242 2778 410 2814 Hatcher
440 2781 480 2814 et
507 2779 678 2814 Barrowe
711 2790 892 2814 manuum
921 2790 1075 2814 suarum
1103 2778 1380 2826 subscriptione
1407 2782 1629 2819 confirmata
1648 2773 1696 2820 ‘et

240 2835 340 2883 apud
376 2837 576 2883 registrum
610 2835 823 2884 reponenda
857 2835 994 2872 habeat
1030 2836 1160 2874 literas
1197 2837 1413 2875 huiusmodi
1445 2842 1696 2879 concessionis

243 2899 365 2931 vestre
390 2896 572 2942 sigillatas
598 2896 720 2943 sigillo
744 2899 868 2932 vestro
892 2897 1082 2932 communi
1110 2898 1290 2944 quoniam
1322 2900 1487 2945 cognicio
1513 2905 1553 2937 et
1584 2914 1698 2949 opera
