1976 3276
147 192 364 248 1570-71]
727 203 878 234 emen
911 202 1031 233 BOOK
1064 202 1093 232 Δ
1608 190 1690 230 249

147 307 373 344 Conceditur
399 311 422 345 9
450 308 644 344 Februarii
671 312 714 344 vt
735 307 912 344 dominus
939 307 1262 344 vicecancellarius
1285 309 1324 342 et
1349 306 1491 342 domini
1519 317 1692 352 procura-

240 371 342 403 tores
376 367 524 414 possint
559 369 683 402 vestra
715 365 943 402 auctoritate
976 367 1103 412 petere
1133 364 1304 410 colligere
1336 369 1376 399 et
1409 363 1533 398 levare
1564 375 1693 398 omnes

239 426 484 472 pecuniarum
529 437 698 462 summas
731 424 880 461 debitas
912 424 1102 461 academie
1134 428 1172 460 et
1205 423 1279 460 alia
1311 435 1534 470 quecunque
1565 422 1693 458 debita

237 487 305 520 aut
327 485 359 520 si
384 484 458 521 illis
481 484 722 521 commodum
747 483 939 520 videbitur
962 484 1090 530 aliquo
1114 483 1189 519 alio
1214 482 1325 519 modo
1350 494 1437 518 cum
1461 480 1695 518 debitoribus

238 555 458 590 componere
475 548 514 580 et
531 556 644 591 super
664 544 824 590 receptis
847 543 1127 590 acquietanzias
1150 543 1240 579 dare
1262 546 1387 578 vestro
1412 542 1563 578 nomine
1585 544 1625 576 et
1646 541 1694 576 ad

239 603 422 648 premissa
455 603 664 650 peragenda
698 603 828 638 literas
861 602 1025 638 habeant
1055 602 1331 649 procuratorias
1363 601 1546 647 sigillatas
1574 600 1695 646 sigillo

239 663 365 696 vestro
393 662 585 698 communi
616 674 688 697 vna
717 673 803 697 cum
836 661 1009 708 expensis
1042 660 1246 697 allocandis
1279 672 1345 707 per
1377 659 1569 696 auditores
1601 658 1695 694 ciste

239 721 450 755 communis

145 777 371 814 Conceditur
399 779 466 826 vjt‘)
496 779 638 826 Aprilis
669 779 848 825 magistro
880 778 981 814 Edw.
1015 778 1184 814 Hausbie
1213 790 1316 814 sacre
1346 777 1530 823 theologie
1561 777 1693 812 bacha-

238 836 363 872 laureo
386 841 428 873 vt
451 837 588 874 habeat
611 838 740 873 literas
761 837 1034 872 testimoniales
1061 837 1357 872 conversationis
1377 839 1416 872 et
1435 835 1573 882 gradus
1595 835 1693 882 sigil-

240 895 336 931 latas
352 896 472 942 sigillo
491 900 614 932 vestro
630 895 821 931 communi

146 954 374 990 Conceditur
398 958 440 993 17
466 955 658 991 Februarii
683 958 725 990 vt
748 955 926 1001 magister
950 954 1160 990 Willelmus
1185 955 1320 1001 Lewyn
1344 958 1469 990 vestra
1493 954 1589 989 bona
1608 965 1694 989 cum
1713 950 1737 990 f.
1764 950 1839 987 105
1861 950 1886 986 b

243 1014 352 1050 venia
377 1014 531 1061 impune
556 1014 658 1050 absit
684 1027 799 1061 vsque
824 1014 871 1050 ad
897 1014 1067 1061 proxima
1093 1014 1246 1050 comitia
1268 1014 1440 1050 estivalia
1464 1014 1568 1049 salvo
1592 1013 1694 1048 omni

239 1073 319 1109 iure
335 1076 374 1109 et
390 1074 586 1110 commodo
602 1074 755 1110 oratorii
778 1074 944 1110 muneris
959 1074 1014 1109 sic
1033 1078 1073 1109 vt
1090 1073 1300 1109 substituat
1318 1073 1490 1109 idoneum
1514 1073 1694 1108 vicarium

240 1132 345 1169 iuxta
361 1133 520 1169 formam
538 1134 674 1170 statuti

145 1191 373 1227 Conceditur
390 1191 471 1239 viijo
487 1192 511 1228 J
515 1193 594 1228 unii
613 1196 655 1228 vt
673 1192 758 1228 bine
776 1192 1036 1239 responsiones
1052 1204 1126 1239 que
1146 1196 1293 1229 restant
1314 1205 1358 1228 ex
1382 1193 1457 1228 hiis
1476 1191 1625 1228 actibus
1646 1191 1694 1227 ad

239 1262 334 1297 quos
350 1253 501 1288 tenetur
517 1251 648 1288 doctor
666 1252 793 1300 Bynge
811 1252 954 1288 ratione
971 1251 1109 1298 gradus
1132 1252 1298 1300 suscepti
1323 1252 1470 1299 possint
1492 1251 1631 1287 differri
1656 1252 1693 1286 in

240 1309 450 1356 proximum
478 1321 620 1346 annum
649 1310 703 1346 ita
729 1314 771 1346 vt
795 1309 867 1346 nisi
893 1321 956 1346 eas
983 1313 1065 1346 tum
1093 1310 1290 1358 perfecerit
1316 1309 1507 1346 academie
1530 1314 1694 1346 veterem

238 1369 451 1406 cautionem
467 1371 656 1418 persolvat

146 1430 372 1468 Conceditur
395 1435 439 1468 15
459 1432 482 1468 J
486 1432 566 1468 unii
590 1434 633 1468 vt
655 1432 762 1468 litere
782 1431 877 1468 lecte
897 1431 1115 1468 deferantur
1134 1435 1174 1468 et
1196 1432 1398 1468 tradantur
1420 1444 1486 1479 per
1504 1431 1694 1468 doctorem

242 1490 355 1527 Ithell
372 1491 430 1528 vel
449 1492 576 1540 Bynge
592 1505 709 1529 vnum
726 1495 1012 1540 procuratorum
1029 1496 1069 1528 et
1088 1504 1204 1528 vnum
1226 1492 1455 1528 bedellorum
1476 1494 1516 1528 et
1535 1503 1695 1539 expense

240 1552 319 1586 tam
337 1550 472 1586 horum
489 1563 604 1599 quam
622 1563 752 1588 omnes
772 1551 843 1588 alie
866 1563 1027 1599 expense
1050 1552 1149 1588 facte
1169 1554 1210 1588 et
1233 1552 1353 1588 fiende
1376 1551 1473 1588 eirca
1495 1551 1564 1587 hoc
1587 1563 1694 1597 nego-

240 1609 340 1646 cium
369 1610 647 1658 privilegiorum
677 1611 1025 1658 consequendorum
1053 1615 1092 1648 et
1119 1612 1461 1648 confirmandorum
1486 1611 1696 1647 allocentur

239 1681 306 1716 per
321 1669 491 1707 doctores
509 1671 687 1707 Hawford
705 1671 921 1708 Chaderton
941 1671 1095 1719 Harvye
1111 1674 1150 1707 et
1169 1671 1392 1718 magistrum
1411 1670 1579 1718 Shepard

147 1727 372 1765 Conceditur
400 1732 422 1766 6
450 1730 473 1766 J
476 1729 543 1766 ulii
573 1730 753 1778 magistro
778 1730 903 1766 Whall
929 1734 971 1766 vt
996 1742 1079 1766 eam
1104 1730 1267 1766 retineat
1292 1730 1550 1766 senioritatem
1578 1741 1694 1777 quam

240 1790 348 1834 pater
363 1788 571 1835 assignavit
587 1789 626 1825 in
644 1788 825 1836 proximis
841 1789 1005 1825 comitiis
1023 1789 1213 1836 preteritis

147 1846 374 1884 Conceditur
399 1851 447 1884 30
472 1848 637 1896 Augusti
664 1852 706 1885 vt
734 1849 1015 1885 honoratissimi
1046 1849 1115 1885 viri
1146 1854 1184 1886 et
1215 1849 1358 1886 domini
1387 1848 1563 1885 dominus
1592 1849 1692 1886 Edw.
1714 1859 1770 1898 αρε,

240 1905 374 1943 Comes
391 1907 555 1944 Harford
572 1907 607 1944 d.
627 1908 791 1944 Thomas
810 1908 1025 1944 Buckhurst
1043 1908 1077 1944 d.
1098 1908 1254 1944 Carolus
1273 1908 1435 1944 Howard
1455 1909 1561 1944 miles
1577 1908 1694 1944 domi-

241 1976 312 2000 nus
334 1965 514 2013 Georgius
536 1966 664 2003 Carew
687 1967 796 2003 miles
816 1971 854 2002 et
880 1967 1058 2014 magister
1080 1967 1246 2003 Thomas
1269 1967 1383 2003 Cecill
1409 1971 1634 2015 cooptentur
1656 1969 1694 2003 in

241 2023 408 2060 ordinem
435 2026 699 2072 magistrorum
729 2026 767 2061 in
797 2025 944 2062 artibus
972 2027 1026 2062 sic
1056 2031 1098 2062 vt
1129 2038 1203 2062 non
1231 2028 1426 2062 arctentur
1453 2027 1501 2062 ad
1528 2027 1695 2074 aliquam

241 2084 488 2120 ceremoniam
505 2085 655 2121 solitam
673 2084 862 2121 observari
880 2085 929 2122 ab
946 2085 1216 2133 incipientibus
1234 2085 1272 2121 in
1289 2085 1420 2121 eadem
1437 2086 1618 2122 facultate
1630 2087 1695 2123 sed

241 2144 391 2178 tautum
425 2142 680 2179 admittantur
712 2143 759 2179 ad
793 2144 974 2191 placitum
1004 2144 1058 2179 sic
1088 2146 1130 2179 vt
1159 2144 1388 2190 promittant
1416 2144 1694 2180 observantiam

241 2201 519 2248 privilegiorum
544 2205 583 2238 et
607 2202 922 2239 consuetudinum
948 2203 1062 2239 huius
1087 2203 1349 2239 vniuersitatis
1372 2203 1666 2251 approbatarum

148 2257 373 2294 Conceditur
394 2259 575 2306 magistro
595 2259 686 2296 Tho.
707 2260 862 2308 Wylson
887 2261 1043 2307 Reginie
1064 2262 1255 2298 maiestati
1278 2274 1301 2297 a
1321 2262 1536 2310 supplicum
1560 2262 1696 2299 libellis

240 2320 279 2354 et
295 2318 334 2354 in
352 2318 542 2355 academia
559 2319 772 2356 Ferrarensi
790 2321 987 2368 vtriusque
999 2320 1098 2368 juris
1117 2321 1261 2357 doctori
1286 2323 1329 2357 vt
1350 2321 1402 2357 sit
1425 2321 1486 2358 hic
1507 2322 1608 2370 apud
1628 2335 1694 2359 vos

240 2377 280 2413 in
297 2377 451 2414 eiisdem
467 2378 585 2425 gradu
602 2379 722 2416 forma
739 2380 869 2417 ordine
887 2382 926 2416 et
942 2392 1042 2417 anno
1062 2380 1201 2428 quibus
1222 2381 1296 2417 fuit
1318 2381 1357 2417 in
1379 2381 1481 2418 dicta
1503 2382 1695 2419 academia

241 2437 453 2474 Ferrarensi

148 2495 259 2532 Mem.
278 2496 377 2544 quod
395 2509 524 2534 omnes
540 2498 700 2546 predicti
718 2500 757 2536 in
775 2499 926 2547 publico
943 2504 1078 2536 senatu
1096 2500 1135 2536 in
1153 2500 1344 2547 presentia
1360 2500 1503 2538 domini
1517 2502 1695 2550 Burghlie

240 2555 460 2592 Cancellarii
476 2560 516 2594 et
531 2557 771 2595 dominorum
788 2559 998 2606 legatorum
1021 2570 1089 2595 ceu
1114 2562 1306 2595 oratorum
1331 2560 1444 2607 Regis
1465 2561 1694 2598 Francorum

241 2617 448 2662 presentati
473 2620 564 2653 sunt
589 2629 656 2665 per
679 2617 871 2655 doctorem
899 2619 1016 2654 Perne
1041 2622 1080 2654 et
1104 2618 1260 2654 admissi
1286 2631 1353 2666 per
1377 2619 1572 2656 dominum
1601 2621 1694 2657 vice·

241 2673 503 2711 cancellarium
535 2677 742 2713 secundum
776 2678 1086 2714 consuetudinem
1120 2678 1362 2725 presentandi
1396 2681 1435 2714 et
1466 2679 1693 2716 admittendi

240 2733 421 2770 vsitatam
1646 2774 1650 2778 .

147 2792 373 2828 Conceditur
388 2793 518 2830 eodem
540 2795 718 2841 magistro
738 2795 887 2844 [blank]
909 2796 1052 2833 Master
1074 2797 1229 2843 Reginie
1252 2798 1465 2834 maiestatis
1490 2798 1634 2835 medico
1655 2800 1694 2835 in

239 2851 431 2888 academia
448 2852 650 2890 Oxoniensi
674 2855 858 2892 medicine
877 2855 1021 2892 doctori
1042 2859 1085 2892 vt
1105 2857 1157 2893 sit
1179 2856 1239 2892 hic
1261 2857 1362 2904 apud
1387 2870 1452 2893 vos
1475 2859 1514 2894 in
1539 2859 1694 2895 eiisdem

240 2910 358 2957 gradu
374 2911 503 2949 ordine
519 2915 559 2949 et
574 2925 674 2950 anno
691 2914 830 2961 quibus
845 2915 920 2951 fuit
937 2915 977 2951 in
994 2915 1098 2952 dicta
1113 2915 1306 2952 academia
1323 2916 1524 2953 Oxoniensi
