2008 3216
351 190 372 230 1
383 189 435 230 12
935 199 1088 233 GRACE
1117 189 1243 232 Bo'oK
1274 199 1304 231 Δ
1679 188 1900 244 [1555-56

351 304 451 341 Item
475 304 694 341 conceditur
716 304 869 341 domino
894 305 1025 352 Fugell
1048 308 1090 341 vt
1114 317 1179 341 sex
1203 305 1356 341 termini
1382 305 1422 340 in
1444 304 1583 351 quibus
1605 304 1784 341 lectiones
1805 304 1902 341 ordi-

445 364 572 401 narias
587 364 737 401 audiuit
753 365 842 401 licet
858 377 933 401 non
950 365 1105 401 omnino
1122 364 1330 401 secundum
1347 365 1507 401 formam
1523 365 1660 401 statuti
1677 376 1763 401 cum
1780 364 1903 401 tribus

445 423 751 471 responsionibus
768 424 959 459 sufficiant
975 424 1010 459 ei
1027 423 1074 460 ad
1092 423 1349 471 incipiendum
1366 424 1406 460 iu
1423 423 1568 460 artibus

353 483 452 519 Item
477 481 870 529 conceditur-domino
892 482 1057 529 Jesoppo
1073 485 1116 518 vt
1138 494 1203 518 sex
1227 482 1380 518 termini
1402 485 1489 529 post
1514 481 1664 518 finalem
1685 481 1766 517 eius
1782 480 1902 517 deter-

447 541 695 577 minacionem
718 541 758 576 in
776 541 916 587 quibus
938 541 1118 577 lectiones
1140 541 1350 577 ordinarias
1372 541 1521 577 audiuit
1542 541 1630 576 licet
1652 552 1727 576 non
1750 540 1903 576 omnino

444 600 652 636 secundum
674 600 834 635 formam
857 600 994 636 statuti
1018 612 1103 636 cum
1129 600 1252 636 tribus
1273 599 1580 647 responsionibus
1599 600 1788 636 sufficiant
1804 600 1837 636 ei
1855 599 1903 636 ad

445 659 702 706 incipiendum
720 659 759 694 in
776 659 924 695 artibus

352 718 493 754 Eadem
522 718 643 764 gratia
671 718 718 754 de
744 717 858 754 verbo
887 718 926 753 in
954 718 1110 754 verbum
1137 717 1354 754 conceditur
1380 717 1543 754 dominis
1570 717 1695 754 Fuller
1721 718 1840 765 Berye
1865 720 1905 754 et

448 778 659 813 Mulkaster

351 837 451 873 Item
479 836 697 873 conceditur
722 837 866 873 Thome
896 836 1064 873 Rolande
1091 839 1132 872 vt
1159 839 1182 873 9
1209 837 1362 872 termini
1388 839 1475 884 post
1501 837 1651 873 finalem
1677 836 1758 873 eius
1783 836 1903 872 deter-

446 896 692 932 minationem
715 895 753 931 in
778 895 917 943 quibus
939 896 1120 932 lectiones
1142 895 1351 932 ordinarias
1373 895 1523 932 audiuit
1543 895 1632 931 licet
1653 907 1728 931 non
1750 895 1904 931 omnino

444 955 651 992 secundum
673 955 832 991 formam
856 955 993 991 statuti
1015 967 1102 991 cum
1124 954 1248 991 tribus
1271 955 1575 1002 responsionibus
1597 955 1786 991 sufficiant
1801 954 1835 991 ei
1855 954 1903 991 ad

445 1013 702 1062 incipiendum
719 1014 758 1050 in
775 1013 923 1050 artibus

349 1073 492 1110 Eadem
515 1073 638 1120 gratia
661 1073 709 1110 de
731 1072 844 1110 verbo
869 1073 908 1109 in
932 1072 1088 1109 verbum
1110 1072 1328 1109 conceditur
1351 1072 1515 1109 dominis
1539 1073 1711 1109 Johnson
1728 1073 1900 1121 Woorley

447 1133 607 1169 Randall

352 1193 451 1229 Item
474 1192 692 1229 conceditur
713 1192 866 1228 domino
884 1192 1020 1228 Oowell
1038 1196 1079 1228 vt
1097 1204 1231 1228 novem
1248 1192 1400 1228 termini
1418 1195 1504 1239 post
1521 1193 1668 1229 finalem
1686 1193 1767 1229 eius
1784 1192 1903 1229 deter-

446 1252 692 1288 minationem
715 1252 755 1288 in
779 1251 918 1298 quibus
940 1251 1120 1288 lectiones
1143 1251 1351 1289 ordinarias
1373 1252 1522 1288 audiuit
1543 1252 1632 1288 licet
1653 1264 1728 1288 non
1751 1252 1904 1288 omnino

445 1311 653 1348 secundum
677 1311 838 1347 formam
862 1311 1000 1347 statuti
1023 1323 1110 1347 cum
1132 1311 1255 1348 tribus
1277 1311 1584 1360 responsionibus
1600 1311 1789 1348 sufficiant
1805 1311 1904 1349 eiad

446 1370 703 1418 incipiendum
720 1371 759 1406 in
777 1370 924 1407 artibus

351 1430 438 1466 Vna
463 1442 548 1466 cum
576 1430 661 1467 istis
687 1431 908 1478 inceperunt
934 1431 981 1467 de
1007 1431 1160 1478 collegio
1188 1431 1316 1479 Regali
1341 1431 1480 1478 quibus
1505 1431 1608 1467 nulla
1631 1442 1805 1467 concessa
1830 1430 1905 1467 fuit

445 1489 677 1536 dispensatio
701 1489 845 1526 domini
871 1490 901 1526 F
901 1496 1063 1538 yzwater
1086 1491 1223 1538 Scrope
1249 1490 1351 1537 King
1375 1494 1414 1527 et
1441 1491 1584 1538 Malym

353 1548 452 1584 Item
474 1548 692 1585 conceditur
714 1549 897 1597 inceptori
915 1549 1101 1586 Gardiner
1117 1550 1231 1586 variis
1247 1552 1287 1586 et
1304 1549 1522 1597 vrgentibus
1539 1549 1700 1596 negociis
1721 1549 1903 1585 Reveren-

445 1608 592 1644 dissimi
615 1609 735 1656 patris
759 1609 1010 1646 Norwicencis
1033 1609 1196 1657 episcopi
1219 1609 1362 1646 domini
1385 1610 1444 1646 sui
1466 1609 1660 1657 prepedito
1682 1620 1757 1656 quo
1779 1609 1906 1645 minus

445 1667 575 1704 adesse
595 1668 722 1715 potuit
742 1668 781 1704 in
799 1669 1003 1705 commitiis
1023 1669 1191 1716 proxime
1211 1669 1348 1716 elapsis
1369 1669 1421 1705 sit
1445 1672 1484 1705 et
1505 1667 1690 1705 habeatur
1710 1668 1750 1704 in
1774 1667 1904 1704 eodem

445 1727 525 1763 loco
542 1731 581 1764 et
597 1727 816 1765 senioritate
832 1728 972 1775 quibus
987 1728 1206 1776 designatus
1223 1731 1282 1765 est
1298 1741 1321 1765 a
1337 1728 1500 1765 dominis
1517 1727 1820 1776 procuratoribus

484 1941 708 1986 Numerus
740 1943 1007 2001 Regentium
1039 1944 1086 1987 in
1118 1944 1287 1988 artibus
1317 1944 1443 1988 iuxta
1473 1944 1773 1988 senioritatem

569 2069 581 2093 ¹
590 2069 720 2117 Lakyn
1027 2072 1164 2119 Sempe
1434 2072 1575 2109 Pachet

586 2128 610 2165 J
613 2140 750 2177 esoppe
1027 2130 1159 2168 Foster
1433 2131 1560 2169 Fuller

588 2188 733 2236 Spythe
1027 2190 1200 2239 Woorley
1432 2192 1550 2240 Berye

588 2249 725 2286 Curtes
1029 2250 1190 2299 Hartley
1434 2252 1646 2289 Mulkaster

589 2307 781 2356 Fyzwater
1029 2309 1187 2346 Watson
1434 2310 1635 2347 Armested

591 2367 836 2415 Longworthe
1030 2369 1164 2406 Barret
1436 2369 1565 2407 Malim

590 2427 769 2465 Phithian
1029 2428 1196 2466 Rolande
1432 2430 1591 2467 Randall

589 2486 725 2524 Cowell
1026 2487 1197 2525 Johnson
1433 2490 1561 2538 Fugell

589 2546 770 2596 Abythell
1028 2548 1163 2597 Kynge
1434 2549 1626 2587 Burdman

366 2662 377 2685 ¹
401 2663 514 2699 Thone
529 2674 650 2699 namen
665 2674 723 2699 tre
738 2664 907 2706 arranged
924 2664 961 2699 iu
978 2676 1044 2701 one
1059 2665 1203 2700 column
1218 2665 1321 2709 along
1337 2666 1397 2702 the
1413 2666 1546 2701 bottom
1561 2666 1645 2710 edge
1661 2667 1699 2701 ot
1713 2666 1772 2702 the
1788 2678 1884 2711 page.
