2002 3236
61 1615 85 1653 f.
113 1614 199 1653 17b

278 197 332 237 40
859 205 1010 236 GRAcs
1041 205 1165 236 BOOK
1197 205 1226 236 Δ
1607 188 1825 249 [1546-47

278 309 379 346 Item
401 309 619 346 conceditur
642 309 767 345 Blasio
790 309 914 345 Salter
935 312 977 345 vt
998 309 1127 344 decem
1149 308 1300 344 termini
1325 319 1411 344 cum
1431 319 1474 343 eo
1496 307 1535 342 in
1558 317 1633 353 quo
1655 305 1828 341 determi-

375 371 534 404 naturus
550 371 609 404 est
630 380 716 404 cum
733 367 1033 415 oppositionibus
1050 371 1089 404 et
1110 367 1415 415 responsionibus
1431 365 1622 412 requisitis
1642 364 1829 400 sufficiant

375 429 408 463 ei
426 427 474 464 ad
490 427 789 475 respondendum
807 428 994 474 questioni
1044 427 1105 463 Sic
1127 430 1169 463 vt
1189 425 1396 473 approbata
1420 425 1501 460 eius
1526 424 1737 461 erudicione
1765 434 1831 470 per

377 487 576 534 magistros
604 487 767 524 Haddon
795 492 834 523 et
864 487 1140 523 Christoferson
1165 486 1266 522 illius
1294 485 1472 521 admissio
1497 485 1548 520 sit
1573 484 1606 520 ei
1635 495 1703 531 pro
1731 494 1829 518 com-

375 547 488 593 pletis
511 545 631 592 gradu
652 551 691 582 et
713 547 832 582 forma
856 546 1036 592 quoniam
1060 545 1230 592 proxima
1254 544 1446 580 commitia
1470 543 1550 579 sine
1575 543 1738 578 maximo
1763 552 1831 577 suo

377 604 572 651 dispendio
596 607 791 652 expectare
815 616 890 639 non
914 606 1042 651 potest

283 664 383 700 Item
406 664 624 700 conceditur
647 664 787 700 Joanni
812 663 1148 711 Orphynstraunge
1173 666 1214 700 vt
1239 666 1261 699 8
1285 662 1437 698 termini
1462 666 1548 708 post
1577 661 1726 696 finalem
1751 659 1832 695 eius

377 719 728 756 determinationem
750 720 790 755 in
813 719 951 766 quibus
974 719 1153 755 lectiones
1175 718 1382 754 ordinarias
1402 717 1549 754 audiuit
1566 729 1632 764 per
1653 716 1831 752 maiorem

376 782 523 826 partem
548 780 587 815 in
612 782 694 815 toto
718 791 805 815 cum
827 778 1128 826 oppositionibus
1151 780 1191 814 et
1215 776 1518 825 responsionibus
1540 775 1732 823 requisitis
1756 774 1831 810 suf-

374 839 504 875 ficiant
528 838 562 874 ei
587 838 635 874 ad
659 837 962 885 respondendum
986 837 1176 884 questioni

281 898 381 934 Item
403 897 621 933 conceditur
643 897 826 933 Edwardo
850 897 979 933 Raven
995 900 1038 932 vt
1054 896 1252 933 duodecim
1271 896 1424 932 termini
1440 895 1615 943 completi
1638 895 1677 930 in
1695 893 1833 941 quibus

373 956 552 993 lectiones
580 956 786 993 ordinarias
818 968 885 1003 per
917 956 1096 992 maiorem
1126 959 1273 1002 partem
1302 955 1342 991 in
1367 957 1449 990 toto
1474 954 1623 991 audiuit
1649 965 1722 989 vna
1747 964 1833 989 cum

375 1013 674 1061 oppositionibus
706 1025 749 1050 ac
780 1013 1086 1061 responsionibus
1114 1013 1305 1060 requisitis
1332 1012 1520 1049 sufficiant
1548 1012 1582 1048 ei
1608 1011 1656 1047 ad
1684 1022 1834 1058 respon-

375 1072 542 1109 dendum
566 1073 754 1120 questioni

281 1132 423 1168 Eadem
452 1132 573 1179 gratia
601 1132 648 1168 de
676 1132 789 1168 verbo
817 1133 857 1168 in
886 1132 1043 1169 verbum
1076 1131 1293 1168 conceditur
1325 1131 1489 1168 Hem-ico
1519 1131 1664 1167 Barleio
1695 1130 1834 1167 ,Ioanni

377 1190 639 1238 Pylkyngtono
663 1191 821 1237 Georgio
844 1191 966 1238 Boyes
991 1191 1015 1226 J
1017 1191 1129 1226 oanni
1156 1190 1373 1226 Maulhamo
1397 1193 1436 1226 et
1460 1189 1484 1226 J
1486 1190 1598 1226 oanni
1626 1190 1746 1236 Pepys

282 1248 379 1284 Item
398 1248 615 1285 conceditur
627 1248 797 1285 Gilberto
815 1249 991 1296 Langleio
1008 1252 1050 1284 vt
1070 1251 1111 1284 11
1131 1248 1284 1284 termini
1301 1260 1388 1284 cum
1405 1260 1448 1284 eo
1464 1248 1504 1284 in
1521 1259 1596 1294 quo
1612 1247 1835 1283 determina-

375 1312 485 1344 turus
506 1310 565 1344 est
587 1308 627 1344 in
650 1308 788 1355 quibus
810 1308 989 1344 lectiones
1012 1308 1220 1344 ordinarias
1241 1319 1309 1355 per
1331 1308 1508 1344 maiorem
1530 1310 1675 1355 partem
1692 1307 1732 1342 in
1754 1309 1837 1342 toto

375 1368 524 1404 audiuit
543 1380 629 1404 cum
654 1367 956 1415 oppositionibus
979 1380 1023 1404 ac
1046 1367 1350 1415 responsionibus
1374 1367 1566 1414 requisitis
1590 1366 1778 1403 sufficiant
1801 1366 1834 1401 ei

375 1428 423 1464 ad
445 1427 748 1475 respondendum
771 1428 961 1475 questioni

281 1487 424 1524 Eadem
441 1487 562 1534 gratia
578 1487 625 1524 de
640 1487 753 1524 verbo
770 1488 810 1524 in
826 1487 984 1524 verbum
1000 1487 1218 1524 conceditur
1233 1487 1378 1524 'rhomo
1393 1487 1573 1535 Wylsono

282 1609 382 1645 Item
406 1608 624 1645 conceditur
647 1608 811 1645 Roberto
834 1609 973 1645 Monke
995 1612 1038 1645 vt
1058 1609 1230 1646 vndecim
1255 1609 1407 1646 termini
1432 1608 1609 1656 completi
1634 1608 1673 1644 in
1698 1608 1836 1655 quibus

374 1668 554 1704 lectiones
570 1667 778 1704 ordinarias
799 1667 948 1704 audiuit
965 1679 1032 1715 per
1053 1668 1233 1704 maiorem
1254 1670 1400 1715 partem
1420 1667 1509 1703 licet
1531 1678 1605 1703 non
1629 1666 1835 1703 secundum

375 1727 535 1763 formam
557 1727 694 1763 statuti
720 1739 807 1763 cum
832 1726 1134 1774 oppositionibus
1155 1729 1195 1762 et
1217 1725 1522 1774 responsionibus
1543 1725 1735 1773 requisitis
1760 1725 1835 1761 suf-

378 1786 507 1822 ficiant
532 1787 565 1822 ei
591 1786 638 1822 ad
664 1786 967 1833 respondendum
992 1786 1181 1833 questioni

282 1845 424 1882 Eadem
441 1845 562 1892 gratia
578 1845 625 1880 de
642 1844 755 1881 verbo
772 1845 811 1881 in
830 1844 987 1881 verbum
1003 1844 1221 1881 conceditur
1237 1843 1405 1880 Antonio
1424 1843 1571 1879 Mahew

284 1904 383 1941 Item
405 1903 623 1940 conceditur
644 1903 668 1939 J
671 1904 783 1939 oanni
802 1903 906 1940 Salte
928 1907 971 1939 vt
995 1906 1039 1939 12
1062 1903 1213 1940 termini
1237 1902 1412 1951 completi
1436 1903 1476 1938 in
1498 1902 1637 1950 quibus
1659 1902 1839 1938 lectiones

377 1962 585 1999 ordinarias
609 1962 759 1999 audiuit
781 1974 848 2010 per
873 1963 1051 1999 maiorem
1077 1965 1223 2010 partem
1250 1962 1290 1998 in
1317 1964 1398 1998 toto
1422 1973 1509 1998 cum
1533 1961 1835 2008 oppositionibus

378 2026 418 2059 et
439 2022 745 2070 responsionibus
771 2022 964 2069 requisitis
988 2022 1176 2059 sufficiant
1198 2021 1232 2058 ei
1254 2020 1302 2057 ad
1325 2020 1624 2068 respondendum
1649 2020 1836 2068 questioni

286 2081 427 2118 Eadem
448 2082 570 2128 gratia,
593 2080 640 2118 de
657 2081 769 2118 verbo
792 2081 831 2117 in
855 2081 1011 2117 verbum
1027 2080 1244 2117 conceditur
1261 2079 1448 2117 Willelmo
1465 2079 1563 2116 Sone
1579 2082 1618 2116 et
1635 2079 1837 2116 Laurentio

382 2140 468 2188 Hey
496 2170 498 2173 .

287 2201 385 2237 Item
402 2199 619 2236 conceditur
635 2199 865 2236 Ohristofero
883 2199 1042 2236 Tatamo
1059 2202 1102 2235 vt
1122 2202 1163 2235 ll
1185 2198 1337 2235 termini
1354 2210 1440 2235 cum
1457 2209 1500 2235 eo
1517 2199 1555 2234 in
1573 2209 1648 2245 quo
1664 2197 1838 2234 determi-

381 2262 541 2295 naturus
553 2261 612 2294 est
629 2258 667 2294 in
685 2258 824 2305 quibus
841 2259 1020 2295 lectiones
1033 2258 1241 2295 ordinarias
1253 2257 1403 2294 audiuit
1418 2269 1485 2304 per
1499 2257 1675 2293 maiorem
1692 2261 1838 2304 partem

380 2319 419 2355 in
444 2321 527 2354 toto
551 2329 638 2354 cum
660 2318 960 2365 oppositionibus
983 2321 1022 2354 et
1044 2316 1350 2365 responsionibus
1375 2316 1566 2364 requisitis
1591 2316 1779 2352 sufficiant
1805 2316 1837 2351 ei

382 2378 430 2415 ad
456 2377 757 2425 respondendum
782 2378 970 2425 questioni

290 2438 388 2475 Item
417 2437 635 2474 conceditur
659 2437 873 2474 Alexandro
901 2438 1077 2486 Haryson
1105 2439 1148 2473 vt
1178 2440 1221 2473 12
1251 2435 1402 2473 termini
1433 2435 1608 2483 completi
1636 2435 1675 2471 in
1701 2434 1840 2482 quibus

384 2496 562 2533 lectiones
588 2495 796 2533 ordinarias
824 2496 974 2533 audiuit
1002 2508 1068 2544 per
1097 2496 1275 2533 maiorem
1304 2498 1450 2543 partem
1475 2494 1562 2531 licet
1588 2506 1662 2531 non
1687 2494 1840 2530 omnino

384 2555 590 2592 secundum
605 2556 763 2591 formam
777 2556 913 2592 statuti
931 2567 1017 2592 cum
1035 2555 1158 2592 tribus
1175 2554 1474 2603 oppositionibus
1486 2555 1525 2590 et
1537 2552 1840 2601 responsionibus

386 2615 578 2662 requisitis
594 2615 784 2652 sufficiant
800 2616 833 2651 ei
851 2615 899 2652 ad
915 2614 1217 2663 respondendum
1234 2613 1422 2662 questioni

293 2674 613 2711 Dewnninamres
634 2674 777 2721 collegii
803 2675 951 2722 Regalis
974 2675 1043 2711 hoo
1059 2686 1159 2711 anno
1175 2673 1314 2722 quibus
1337 2684 1457 2720 neque
1480 2673 1600 2720 petitu.
1621 2683 1741 2719 neque
1758 2684 1840 2708 con-

386 2744 490 2770 cessa
518 2733 592 2769 fuit
619 2733 741 2780 gratia
769 2733 817 2770 ab
846 2734 1093 2771 vniuersitate
1126 2736 1217 2770 sunt
1249 2733 1301 2769 hii
1335 2732 1478 2768 domini
1513 2731 1659 2780 Boyton
1688 2731 1839 2779 Wylson

387 2791 579 2829 Gaxdener
602 2792 691 2828 cole
715 2796 754 2828 ct
781 2793 1007 2841 Broklesbye
