2008 3294
304 179 389 222 392
897 188 1049 221 ancE
1082 189 1205 221 BOOK
1236 191 1266 221 Δ
1631 178 1850 235 [1584-85

306 294 376 329 Pro
407 293 686 330 bacchalaureis
717 293 765 329 ad
798 293 1072 340 disputandum
1105 304 1192 328 cum
1225 293 1417 339 magistris
1465 292 1692 328 Conceditur
1723 291 1852 328 eodem

398 365 484 389 cum
501 353 581 389 dies
596 353 644 389 ad
661 353 955 400 philosophicam
972 352 1271 399 disputacionem
1288 364 1355 399 per
1371 355 1518 388 statuta
1533 352 1722 388 academie
1737 352 1852 398 assig-

399 413 480 448 nati
507 425 582 448 non
613 413 805 449 sufficiunt
833 412 1039 459 incepturis
1068 412 1138 448 hoc
1164 413 1330 459 presenti
1359 424 1459 448 anno
1487 413 1528 448 in
1556 412 1703 448 artibus
1731 411 1854 458 placet

398 471 506 507 vobis
536 474 580 507 vt
612 474 737 507 vestra
768 471 995 506 auctoritate
1023 473 1063 506 et
1091 469 1190 506 bona
1222 482 1309 506 cum
1337 472 1447 507 venia
1475 471 1618 508 eisdem
1646 470 1854 518 incepturis

399 531 560 567 liberum
586 531 638 566 sit
663 530 767 566 omni
792 530 959 576 profesto
984 528 1045 564 die
1069 527 1270 564 cuiuslibet
1297 530 1506 576 septimane
1531 529 1571 564 in
1595 529 1757 565 termino
1782 527 1856 563 dis—

399 590 619 637 putaciones
635 592 675 625 et
690 589 951 635 responsiones
967 600 1055 624 suas
1071 600 1158 623 cum
1175 588 1366 634 magistris
1382 600 1556 635 peragere
1577 590 1658 624 tam
1674 587 1714 623 in
1731 586 1858 623 schola

400 648 635 696 philosophie
659 660 774 696 quam
797 649 839 685 in
864 648 991 684 schola
1014 648 1226 684 dialectices
1250 648 1298 684 ab
1322 648 1414 684 hora
1438 660 1538 684 nona
1561 647 1858 685 antemeridiana

402 707 451 744 ad
473 707 710 744 vndecimam
732 711 771 744 et
793 707 841 744 ab
861 708 952 744 hora
974 708 1097 755 prima
1118 707 1166 743 ad
1189 707 1342 743 tertiam
1364 711 1403 744 et
1426 719 1449 744 a
1473 708 1586 744 tertia
1610 707 1658 743 ad
1682 707 1857 754 quintam

403 766 700 814 pomeridianam
721 778 766 802 ea
786 770 914 803 tamen
939 767 1020 814 lege
1043 770 1082 802 et
1107 766 1321 803 conditione
1347 770 1389 802 vt
1413 768 1465 814 (1)
1486 778 1634 813 semper
1657 766 1752 802 alter
1775 776 1858 812 pro-

404 829 620 861 curatorum
637 825 737 861 adsit
753 829 792 861 et
809 827 860 872 (2)
879 838 977 862 vnus
995 825 1223 862 bedellorum
1239 829 1278 861 et
1295 827 1348 872 (3)
1366 838 1390 861 x
1402 825 1450 861 ad
1463 825 1589 861 minus
1602 823 1859 861 bacchalaurei

406 885 547 921 artium
573 885 612 920 in
637 884 832 920 habitibus
856 887 895 920 et
919 886 972 931 (4)
1000 885 1216 931 questiones
1243 883 1471 931 disputando
1497 884 1588 920 hora
1613 886 1746 919 octava
1770 885 1860 919 ante

404 944 701 991 disputationem
717 944 837 980 valvis
853 944 1066 980 scholarum
1083 943 1243 991 publicis
1264 943 1464 990 affigantur
1484 947 1523 979 et
1545 943 1597 989 (5)
1622 943 1688 990 qui
1709 953 1860 989 respon-

405 1004 494 1040 deat
511 1015 647 1039 nomen
666 1004 836 1050 magistri
854 1004 1085 1051 disputaturi
1103 1003 1167 1039 vni
1185 1003 1413 1039 bedellorum
1430 1002 1613 1049 significet
1628 1005 1718 1038 ante
1730 1001 1860 1037 horam

405 1066 578 1099 octavam
607 1074 683 1109 quo
714 1062 883 1099 bedellus
911 1074 978 1110 per
1001 1062 1147 1098 scholas
1171 1062 1372 1098 denuntiet
1396 1062 1538 1098 dictam
1562 1061 1862 1109 disputacionem

405 1122 573 1169 alioquin
589 1133 634 1158 ea
649 1121 862 1168 disputacio
878 1133 947 1168 pro
963 1121 1067 1157 nulla
1088 1120 1274 1157 habeatur
1294 1121 1443 1168 proviso
1463 1133 1611 1169 semper
1633 1119 1734 1168 quod
1758 1119 1863 1156 nulla

406 1181 568 1218 variacio
583 1181 830 1228 permittatur

315 1241 386 1277 Pro
408 1239 733 1288 peregrinantibus
793 1239 1022 1276 Conceditur
1042 1239 1165 1286 primo
1182 1238 1401 1275 Decembris
1419 1241 1463 1276 vt
1485 1239 1664 1286 magister
1681 1237 1864 1275 Ricardus

410 1300 494 1347 Key
507 1299 636 1336 literas
653 1299 793 1336 habeat
810 1299 1083 1335 testimoniales
1096 1299 1234 1347 gradus
1247 1302 1286 1335 et
1298 1299 1593 1335 conversationis
1605 1310 1672 1335 sue
1684 1298 1867 1346 sigillatas

409 1358 531 1405 sigillo
546 1360 672 1394 vestro
688 1358 879 1394 communi
928 1357 1070 1394 Eadem
1087 1357 1208 1404 gratia
1224 1357 1443 1394 conceditur
1455 1360 1502 1394 24
1515 1357 1645 1394 Martii
1658 1355 1865 1393 secundum

409 1421 629 1466 computum
653 1421 714 1454 etc
740 1420 833 1454 1584
856 1418 1037 1465 magistro
1063 1417 1227 1454 Henrico
1252 1417 1409 1454 Curwen
1433 1419 1474 1454 et
1497 1417 1521 1453 J
1523 1429 1555 1454 ο.
1581 1415 1803 1453 Stockwood
1827 1418 1867 1452 et

412 1480 459 1513 14
475 1477 567 1513 Maii
586 1477 716 1514 Franc.
736 1477 926 1513 Berisford
943 1477 982 1513 in
999 1477 1145 1513 artibus
1161 1477 1341 1523 magistro

317 1537 544 1574 Conceditur
572 1540 618 1573 24
652 1537 782 1573 Martii
814 1540 858 1573 vt
889 1537 997 1573 litere
1029 1541 1153 1574 vestre
1188 1537 1461 1574 testimoniales
1499 1548 1594 1584 quas
1631 1535 1868 1572 concessistis

411 1596 591 1643 magistro
617 1596 640 1632 J
643 1607 675 1633 0.
703 1595 923 1632 Stockwood
950 1607 1037 1632 cum
1063 1607 1191 1632 earum
1215 1596 1336 1632 forma
1358 1607 1433 1631 non
1455 1595 1576 1642 possit
1597 1595 1631 1631 ei
1654 1605 1721 1642 per
1742 1593 1868 1630 omnia

411 1659 621 1702 competere
639 1655 710 1691 sub
726 1655 800 1691 alia
817 1655 938 1691 forma
953 1655 1182 1691 emittantur
1198 1666 1271 1702 que
1288 1653 1488 1701 approbari
1505 1654 1626 1701 possit

321 1715 391 1750 Pro
407 1713 705 1761 predicatoribus
753 1713 981 1750 Conceditur
998 1717 1020 1749 4
1039 1712 1258 1749 Decembris
1275 1712 1456 1759 magistro
1472 1712 1616 1748 Thome
1629 1711 1813 1748 Wenham
1826 1714 1869 1747 vt

412 1774 465 1810 sit
480 1785 577 1809 vnus
593 1785 637 1810 ex
657 1776 701 1809 12
717 1772 1014 1820 predicatoribus
1033 1772 1101 1809 hoc
1117 1784 1217 1808 anno
1233 1784 1300 1820 per
1321 1771 1552 1808 academiam
1575 1770 1794 1808 emittendis
1816 1770 1870 1806 sic

413 1836 457 1869 vt
472 1844 585 1880 super
601 1833 671 1869 hac
689 1836 814 1868 vestra
830 1832 1067 1868 concessione
1087 1832 1215 1868 literas
1236 1831 1374 1868 habeat
1396 1831 1580 1878 sigillatas
1601 1830 1722 1878 sigillo
1744 1833 1869 1867 vestro

413 1893 603 1928 communi
669 1892 811 1928 Eadem
851 1892 973 1939 gratia
1005 1891 1222 1928 conceditur
1254 1894 1276 1927 8
1311 1891 1529 1928 Decembris
1562 1891 1741 1938 magistro
1774 1890 1868 1926 Tho.

416 1953 552 1989 Howes
605 1955 651 1988 28
677 1952 769 1988 Maii
797 1954 888 1988 1585
913 1951 1093 1999 magistro
1118 1951 1140 1988 J
1144 1951 1285 1987 ohanni
1310 1952 1457 1988 Turner
1511 1952 1549 1989 7⁰
1572 1950 1595 1987 J
1599 1950 1667 1987 ulii
1692 1949 1871 1997 magistro

417 2011 616 2059 Radulpho
641 2010 824 2059 Talboyes

320 2070 547 2108 Conceditur
565 2074 586 2106 5
604 2070 797 2107 Februarii
816 2074 858 2106 vt
875 2070 983 2107 litere
1005 2069 1116 2106 modo
1138 2069 1232 2106 lecte
1254 2069 1402 2117 possint
1424 2068 1579 2116 sigillari
1602 2068 1723 2116 sigillo
1744 2071 1871 2105 vestro

415 2129 605 2166 communi
623 2129 766 2165 scilicet
784 2129 822 2164 in
841 2129 1007 2165 favorem
1024 2127 1194 2175 magistri
1213 2127 1376 2164 Matthei
1397 2127 1538 2175 Stokys
1554 2138 1674 2174 nuper
1692 2126 1823 2163 bedelli

321 2189 552 2225 Substitutio
582 2187 715 2224 bedelli
771 2188 998 2225 Conceditur
1025 2191 1068 2224 12
1095 2187 1287 2224 Februarii
1314 2190 1356 2223 vt
1380 2187 1574 2223 Johannes
1598 2185 1786 2235 [Bacster]
1811 2185 1870 2222 be-

415 2247 535 2284 dellus
563 2247 793 2283 substituere
823 2247 942 2294 possit
969 2248 1026 2284 J0.
1057 2247 1212 2283 Bacster
1241 2246 1361 2283 filium
1390 2258 1502 2283 suum
1531 2246 1597 2294 qui
1624 2246 1704 2282 eius
1733 2257 1871 2282 munus

415 2307 526 2344 obeat
551 2318 668 2354 vsque
692 2307 740 2343 ad
767 2307 905 2343 festum
934 2306 1128 2343 Paschatis
1152 2306 1365 2354 proximum

322 2366 549 2403 Conceditur
573 2367 694 2414 primo
724 2366 851 2403 Martii
883 2371 925 2403 vt
953 2366 1059 2403 litere
1088 2369 1308 2403 attur-natus
1338 2364 1448 2402 modo
1477 2365 1572 2401 lecte
1598 2364 1774 2401 videlicet
1803 2374 1871 2411 pro

417 2425 519 2462 seriis
544 2424 887 2472 Sturbrigiensibus
912 2425 1123 2471 sigillentur
1147 2424 1269 2472 sigillo
1296 2428 1420 2461 vestro
1444 2423 1635 2461 communi

322 2484 549 2521 Conceditur
568 2486 583 2520 1
607 2484 735 2520 Martii
755 2488 795 2520 vt
813 2484 991 2530 magistro
1008 2483 1150 2520 doctori
1177 2483 1273 2530 Bing
1295 2487 1335 2519 et
1358 2483 1415 2519 J0.
1442 2482 1596 2519 Bacster
1620 2481 1763 2519 bedello
1784 2480 1874 2518 allo-

417 2547 550 2580 ccntur
574 2543 772 2580 necessarii
794 2547 971 2591 sumptus
992 2555 1088 2591 quos
1111 2543 1147 2579 in
1174 2542 1242 2579 hac
1266 2542 1527 2590 procuratione
1552 2542 1692 2579 facient
1715 2540 1873 2578 arbitrio

415 2602 557 2639 domini
576 2601 853 2650 procancellarii
873 2607 1153 2649 procuratorum
1172 2605 1211 2638 et
1228 2601 1388 2638 duorum
1405 2600 1602 2638 doctorum

326 2661 452 2698 Litera
467 2660 514 2698 ad
535 2660 773 2698 vendendum
793 2661 922 2697 vinum
980 2660 1207 2697 Conceditur
1224 2663 1262 2697 3ο
1278 2660 1300 2697 J
1305 2660 1383 2696 unii
1401 2671 1519 2707 quum
1537 2659 1630 2696 illud
1648 2670 1768 2707 nuper
1788 2670 1873 2695 con-

417 2720 604 2757 cesseritis
623 2720 795 2768 Philippo
812 2720 982 2767 stringor
999 2724 1040 2757 vt
1056 2721 1108 2757 sit
1125 2719 1388 2767 oenopolarum
1404 2730 1499 2755 vnus
1513 2722 1637 2755 vestra
1649 2717 1874 2754 auctoritate

417 2779 649 2816 constitutus
667 2779 788 2828 placet
806 2779 912 2816 vobis
930 2783 971 2816 vt
987 2779 1153 2817 eiusdem
1172 2779 1420 2816 concessionis
1444 2781 1566 2816 vestre
1587 2778 1715 2815 literas
1739 2776 1876 2814 habeat

418 2837 540 2885 sigillo
558 2842 682 2875 vestro
697 2838 886 2875 communi
904 2838 1088 2885 sigillatas

325 2896 552 2935 Conceditur
575 2899 595 2936 7
618 2898 710 2934 Julii
736 2901 777 2935 vt
799 2898 857 2936 Jo.
882 2897 964 2935 'run
987 2909 1072 2935 cum
1101 2897 1276 2934 hesterno
1302 2896 1362 2934 die
1390 2897 1427 2934 in
1455 2896 1619 2934 comitiis
1646 2895 1781 2934 vestris
1808 2907 1875 2943 per
