<?xml version="1.0" encoding="UTF-8"?>
<!DOCTYPE html PUBLIC "-//W3C//DTD XHTML 1.0 Transitional//EN"
    "http://www.w3.org/TR/xhtml1/DTD/xhtml1-transitional.dtd">
<html xmlns="http://www.w3.org/1999/xhtml" xml:lang="en" lang="en">
 <head>
  <title>
</title>
<meta http-equiv="Content-Type" content="text/html;charset=utf-8" />
  <meta name='ocr-system' content='tesseract 3.04.00' />
  <meta name='ocr-capabilities' content='ocr_page ocr_carea ocr_par ocr_line ocrx_word'/>
</head>
<body>
  <div class='ocr_page' id='page_1' title='image "./gracebookdeltaco00univuoft_0170.png"; bbox 0 0 2008 3216; ppageno 0'>
   <div class='ocr_carea' id='block_1_1' title="bbox 325 145 1869 203">
    <p class='ocr_par' dir='ltr' id='par_1_1' title="bbox 325 145 1869 203">
     <span class='ocr_line' id='line_1_1' title="bbox 325 145 1869 203; baseline 0.002 -16"><span class='ocrx_word' id='word_1_1' title='bbox 325 147 408 189; x_wconf 88' lang='lat'><strong>136</strong></span> <span class='ocrx_word' id='word_1_2' title='bbox 906 157 1058 189; x_wconf 74' lang='lat' dir='ltr'><strong>caAcs</strong></span> <span class='ocrx_word' id='word_1_3' title='bbox 1087 156 1211 190; x_wconf 78' lang='lat' dir='ltr'><strong>BooK</strong></span> <span class='ocrx_word' id='word_1_4' title='bbox 1243 157 1273 188; x_wconf 85' lang='grc' dir='ltr'><strong>Δ</strong></span> <span class='ocrx_word' id='word_1_5' title='bbox 1649 145 1869 203; x_wconf 84' lang='grc'>[1558-59</span> 
     </span>
    </p>
   </div>
   <div class='ocr_carea' id='block_1_2' title="bbox 829 530 1368 574">
    <p class='ocr_par' dir='ltr' id='par_1_2' title="bbox 829 530 1368 574">
     <span class='ocr_line' id='line_1_2' title="bbox 829 530 1368 574; baseline 0.004 -2"><span class='ocrx_word' id='word_1_6' title='bbox 829 530 1040 573; x_wconf 88' lang='lat' dir='ltr'><strong>Doctores</strong></span> <span class='ocrx_word' id='word_1_7' title='bbox 1071 531 1117 572; x_wconf 90' lang='lat' dir='ltr'><strong>in</strong></span> <span class='ocrx_word' id='word_1_8' title='bbox 1149 531 1368 574; x_wconf 86' lang='lat' dir='ltr'><strong>medicina</strong></span> 
     </span>
    </p>
   </div>
   <div class='ocr_carea' id='block_1_3' title="bbox 163 660 1878 1362">
    <p class='ocr_par' dir='ltr' id='par_1_3' title="bbox 323 660 1876 876">
     <span class='ocr_line' id='line_1_3' title="bbox 323 660 1874 708; baseline -0.002 -8"><span class='ocrx_word' id='word_1_9' title='bbox 323 662 551 700; x_wconf 71' lang='lat' dir='ltr'><strong>Conceditur</strong></span> <span class='ocrx_word' id='word_1_10' title='bbox 577 664 621 697; x_wconf 87' lang='grc'><strong>13</strong></span> <span class='ocrx_word' id='word_1_11' title='bbox 655 660 872 697; x_wconf 78' lang='lat' dir='ltr'><strong>Decembris</strong></span> <span class='ocrx_word' id='word_1_12' title='bbox 903 661 1084 708; x_wconf 86' lang='lat' dir='ltr'><strong>magistro</strong></span> <span class='ocrx_word' id='word_1_13' title='bbox 1117 661 1217 708; x_wconf 84' lang='lat' dir='ltr'><strong>Glyn</strong></span> <span class='ocrx_word' id='word_1_14' title='bbox 1243 667 1286 697; x_wconf 90' lang='lat' dir='ltr'><strong>vt</strong></span> <span class='ocrx_word' id='word_1_15' title='bbox 1318 661 1488 697; x_wconf 88' lang='lat' dir='ltr'><strong>studium</strong></span> <span class='ocrx_word' id='word_1_16' title='bbox 1521 673 1585 697; x_wconf 86' lang='lat' dir='ltr'><strong>sex</strong></span> <span class='ocrx_word' id='word_1_17' title='bbox 1617 672 1802 697; x_wconf 88' lang='lat' dir='ltr'><strong>annorum</strong></span> <span class='ocrx_word' id='word_1_18' title='bbox 1834 662 1874 697; x_wconf 94' lang='lat' dir='ltr'><strong>in</strong></span> 
     </span>
     <span class='ocr_line' id='line_1_4' title="bbox 418 720 1875 768; baseline -0.001 -11"><span class='ocrx_word' id='word_1_19' title='bbox 418 721 604 758; x_wconf 86' lang='lat' dir='ltr'><strong>medicina</strong></span> <span class='ocrx_word' id='word_1_20' title='bbox 627 723 830 767; x_wconf 89' lang='lat' dir='ltr'><strong>postquam</strong></span> <span class='ocrx_word' id='word_1_21' title='bbox 855 722 1002 757; x_wconf 84' lang='lat' dir='ltr'><strong>rexerat</strong></span> <span class='ocrx_word' id='word_1_22' title='bbox 1025 721 1066 756; x_wconf 92' lang='lat' dir='ltr'><strong>in</strong></span> <span class='ocrx_word' id='word_1_23' title='bbox 1090 721 1237 757; x_wconf 87' lang='lat' dir='ltr'><strong>artibus</strong></span> <span class='ocrx_word' id='word_1_24' title='bbox 1261 733 1348 757; x_wconf 89' lang='lat' dir='ltr'><strong>cum</strong></span> <span class='ocrx_word' id='word_1_25' title='bbox 1373 720 1480 768; x_wconf 82' lang='lat' dir='ltr'><strong>praxi</strong></span> <span class='ocrx_word' id='word_1_26' title='bbox 1503 720 1666 756; x_wconf 86' lang='lat' dir='ltr'><strong>sufficiat</strong></span> <span class='ocrx_word' id='word_1_27' title='bbox 1688 720 1723 756; x_wconf 93' lang='lat' dir='ltr'><strong>ei</strong></span> <span class='ocrx_word' id='word_1_28' title='bbox 1747 720 1795 757; x_wconf 83' lang='lat' dir='ltr'><strong>ad</strong></span> <span class='ocrx_word' id='word_1_29' title='bbox 1820 721 1875 757; x_wconf 94' lang='lat' dir='ltr'><strong>in-</strong></span> 
     </span>
     <span class='ocr_line' id='line_1_5' title="bbox 418 779 1876 828; baseline 0 -12"><span class='ocrx_word' id='word_1_30' title='bbox 418 779 635 828; x_wconf 87' lang='lat' dir='ltr'><strong>cipiendum</strong></span> <span class='ocrx_word' id='word_1_31' title='bbox 672 780 713 815; x_wconf 92' lang='lat' dir='ltr'><strong>in</strong></span> <span class='ocrx_word' id='word_1_32' title='bbox 745 779 875 816; x_wconf 80' lang='lat' dir='ltr'><strong>eadem</strong></span> <span class='ocrx_word' id='word_1_33' title='bbox 907 780 962 816; x_wconf 87' lang='lat' dir='ltr'><strong>sie</strong></span> <span class='ocrx_word' id='word_1_34' title='bbox 994 783 1124 817; x_wconf 90' lang='lat' dir='ltr'><strong>tamen</strong></span> <span class='ocrx_word' id='word_1_35' title='bbox 1156 783 1199 817; x_wconf 87' lang='lat' dir='ltr'><strong>vt</strong></span> <span class='ocrx_word' id='word_1_36' title='bbox 1232 783 1356 817; x_wconf 82' lang='lat' dir='ltr'><strong>cetera</strong></span> <span class='ocrx_word' id='word_1_37' title='bbox 1391 783 1546 828; x_wconf 86' lang='lat' dir='ltr'><strong>peragat</strong></span> <span class='ocrx_word' id='word_1_38' title='bbox 1577 780 1684 817; x_wconf 86' lang='lat' dir='ltr'><strong>iuxta</strong></span> <span class='ocrx_word' id='word_1_39' title='bbox 1715 781 1876 817; x_wconf 90' lang='lat' dir='ltr'><strong>formam</strong></span> 
     </span>
     <span class='ocr_line' id='line_1_6' title="bbox 418 839 556 876; baseline -0.007 0"><span class='ocrx_word' id='word_1_40' title='bbox 418 839 556 876; x_wconf 85' lang='lat' dir='ltr'><strong>statuti</strong></span> 
     </span>
    </p>

    <p class='ocr_par' dir='ltr' id='par_1_4' title="bbox 325 898 1790 946">
     <span class='ocr_line' id='line_1_7' title="bbox 325 898 1790 946; baseline -0.001 -10"><span class='ocrx_word' id='word_1_41' title='bbox 325 900 438 936; x_wconf 85' lang='lat' dir='ltr'><strong>Mem.</strong></span> <span class='ocrx_word' id='word_1_42' title='bbox 457 898 559 946; x_wconf 89' lang='lat' dir='ltr'><strong>quod</strong></span> <span class='ocrx_word' id='word_1_43' title='bbox 574 898 767 946; x_wconf 89' lang='lat' dir='ltr'><strong>predictus</strong></span> <span class='ocrx_word' id='word_1_44' title='bbox 783 898 884 946; x_wconf 84' lang='lat' dir='ltr'><strong>Glyn</strong></span> <span class='ocrx_word' id='word_1_45' title='bbox 902 910 976 934; x_wconf 89' lang='lat' dir='ltr'><strong>non</strong></span> <span class='ocrx_word' id='word_1_46' title='bbox 993 898 1168 934; x_wconf 80' lang='lat' dir='ltr'><strong>interfuit</strong></span> <span class='ocrx_word' id='word_1_47' title='bbox 1184 898 1388 935; x_wconf 87' lang='lat' dir='ltr'><strong>commitiis</strong></span> <span class='ocrx_word' id='word_1_48' title='bbox 1404 910 1526 946; x_wconf 89' lang='lat' dir='ltr'><strong>neque</strong></span> <span class='ocrx_word' id='word_1_49' title='bbox 1536 898 1790 945; x_wconf 82' lang='lat' dir='ltr'><strong>inauguratus</strong></span> 
     </span>
    </p>

    <p class='ocr_par' dir='ltr' id='par_1_5' title="bbox 163 954 1878 1171">
     <span class='ocr_line' id='line_1_8' title="bbox 163 954 1877 1004; baseline 0.001 -11"><span class='ocrx_word' id='word_1_50' title='bbox 163 955 189 993; x_wconf 84' lang='lat' dir='ltr'><strong>f.</strong></span> <span class='ocrx_word' id='word_1_51' title='bbox 213 954 265 992; x_wconf 87' lang='lat'><strong>54</strong></span> <span class='ocrx_word' id='word_1_52' title='bbox 281 954 307 992; x_wconf 94' lang='lat' dir='ltr'>b</span> <span class='ocrx_word' id='word_1_53' title='bbox 326 958 554 995; x_wconf 78' lang='lat' dir='ltr'><strong>Conceditur</strong></span> <span class='ocrx_word' id='word_1_54' title='bbox 569 957 700 994; x_wconf 91' lang='lat' dir='ltr'><strong>eodem</strong></span> <span class='ocrx_word' id='word_1_55' title='bbox 717 957 898 1003; x_wconf 84' lang='lat' dir='ltr'><strong>magistro</strong></span> <span class='ocrx_word' id='word_1_56' title='bbox 916 957 1019 993; x_wconf 87' lang='lat' dir='ltr'><strong>Hare</strong></span> <span class='ocrx_word' id='word_1_57' title='bbox 1031 968 1152 1004; x_wconf 87' lang='lat' dir='ltr'><strong>nuper</strong></span> <span class='ocrx_word' id='word_1_58' title='bbox 1163 957 1263 994; x_wconf 90' lang='lat' dir='ltr'><strong>socio</strong></span> <span class='ocrx_word' id='word_1_59' title='bbox 1275 957 1419 1004; x_wconf 87' lang='lat' dir='ltr'><strong>collegii</strong></span> <span class='ocrx_word' id='word_1_60' title='bbox 1432 957 1508 993; x_wconf 91' lang='lat' dir='ltr'><strong>divi</strong></span> <span class='ocrx_word' id='word_1_61' title='bbox 1529 957 1631 993; x_wconf 86' lang='lat' dir='ltr'><strong>Petri</strong></span> <span class='ocrx_word' id='word_1_62' title='bbox 1648 960 1690 994; x_wconf 92' lang='lat' dir='ltr'><strong>vt</strong></span> <span class='ocrx_word' id='word_1_63' title='bbox 1707 957 1877 994; x_wconf 90' lang='lat' dir='ltr'><strong>studium</strong></span> 
     </span>
     <span class='ocr_line' id='line_1_9' title="bbox 423 1016 1878 1064; baseline -0.001 -11"><span class='ocrx_word' id='word_1_64' title='bbox 423 1020 469 1054; x_wconf 93' lang='lat'><strong>10</strong></span> <span class='ocrx_word' id='word_1_65' title='bbox 500 1029 687 1053; x_wconf 85' lang='lat' dir='ltr'><strong>annorum</strong></span> <span class='ocrx_word' id='word_1_66' title='bbox 719 1017 759 1052; x_wconf 86' lang='lat' dir='ltr'><strong>in</strong></span> <span class='ocrx_word' id='word_1_67' title='bbox 786 1017 973 1053; x_wconf 87' lang='lat' dir='ltr'><strong>medicina</strong></span> <span class='ocrx_word' id='word_1_68' title='bbox 1003 1019 1207 1064; x_wconf 77' lang='lat' dir='ltr'><strong>postquam</strong></span> <span class='ocrx_word' id='word_1_69' title='bbox 1235 1019 1382 1053; x_wconf 84' lang='lat' dir='ltr'><strong>rexerat</strong></span> <span class='ocrx_word' id='word_1_70' title='bbox 1413 1017 1453 1052; x_wconf 93' lang='lat' dir='ltr'><strong>in</strong></span> <span class='ocrx_word' id='word_1_71' title='bbox 1478 1016 1626 1053; x_wconf 89' lang='lat' dir='ltr'><strong>artibus</strong></span> <span class='ocrx_word' id='word_1_72' title='bbox 1654 1016 1816 1053; x_wconf 87' lang='lat' dir='ltr'><strong>sufficiat</strong></span> <span class='ocrx_word' id='word_1_73' title='bbox 1843 1017 1878 1052; x_wconf 92' lang='lat' dir='ltr'><strong>ei</strong></span> 
     </span>
     <span class='ocr_line' id='line_1_10' title="bbox 421 1075 1876 1124; baseline 0 -12"><span class='ocrx_word' id='word_1_74' title='bbox 421 1076 470 1113; x_wconf 83' lang='lat' dir='ltr'><strong>ad</strong></span> <span class='ocrx_word' id='word_1_75' title='bbox 493 1075 750 1124; x_wconf 87' lang='lat' dir='ltr'><strong>incipiendum</strong></span> <span class='ocrx_word' id='word_1_76' title='bbox 771 1076 812 1112; x_wconf 89' lang='lat' dir='ltr'><strong>in</strong></span> <span class='ocrx_word' id='word_1_77' title='bbox 834 1076 965 1112; x_wconf 87' lang='lat' dir='ltr'><strong>eadem</strong></span> <span class='ocrx_word' id='word_1_78' title='bbox 990 1076 1171 1113; x_wconf 80' lang='lat' dir='ltr'><strong>facultate</strong></span> <span class='ocrx_word' id='word_1_79' title='bbox 1195 1076 1249 1112; x_wconf 90' lang='lat' dir='ltr'><strong>sic</strong></span> <span class='ocrx_word' id='word_1_80' title='bbox 1274 1081 1317 1112; x_wconf 90' lang='lat' dir='ltr'><strong>vt</strong></span> <span class='ocrx_word' id='word_1_81' title='bbox 1340 1079 1495 1123; x_wconf 81' lang='lat' dir='ltr'><strong>peragat</strong></span> <span class='ocrx_word' id='word_1_82' title='bbox 1519 1076 1647 1112; x_wconf 80' lang='lat' dir='ltr'><strong>omnia</strong></span> <span class='ocrx_word' id='word_1_83' title='bbox 1670 1075 1876 1112; x_wconf 89' lang='lat' dir='ltr'><strong>secundum</strong></span> 
     </span>
     <span class='ocr_line' id='line_1_11' title="bbox 420 1134 736 1171; baseline -0.003 0"><span class='ocrx_word' id='word_1_84' title='bbox 420 1135 581 1171; x_wconf 81' lang='lat' dir='ltr'><strong>formam</strong></span> <span class='ocrx_word' id='word_1_85' title='bbox 597 1134 736 1171; x_wconf 86' lang='lat' dir='ltr'><strong>statuti</strong></span> 
     </span>
    </p>

    <p class='ocr_par' dir='ltr' id='par_1_6' title="bbox 325 1193 1877 1362">
     <span class='ocr_line' id='line_1_12' title="bbox 325 1193 1875 1242; baseline -0.001 -11"><span class='ocrx_word' id='word_1_86' title='bbox 325 1194 553 1232; x_wconf 86' lang='lat' dir='ltr'><strong>Conceditur</strong></span> <span class='ocrx_word' id='word_1_87' title='bbox 584 1194 706 1231; x_wconf 89' lang='lat' dir='ltr'><strong>eidem</strong></span> <span class='ocrx_word' id='word_1_88' title='bbox 739 1197 777 1230; x_wconf 85' lang='lat'><strong>5⁰</strong></span> <span class='ocrx_word' id='word_1_89' title='bbox 808 1194 832 1230; x_wconf 86' lang='lat' dir='ltr'><strong>J</strong></span> <span class='ocrx_word' id='word_1_90' title='bbox 835 1194 916 1230; x_wconf 89' lang='lat' dir='ltr'><strong>unii</strong></span> <span class='ocrx_word' id='word_1_91' title='bbox 944 1198 988 1230; x_wconf 87' lang='lat' dir='ltr'><strong>vt</strong></span> <span class='ocrx_word' id='word_1_92' title='bbox 1019 1195 1100 1231; x_wconf 90' lang='lat' dir='ltr'><strong>eius</strong></span> <span class='ocrx_word' id='word_1_93' title='bbox 1132 1195 1324 1242; x_wconf 82' lang='lat' dir='ltr'><strong>responsio</strong></span> <span class='ocrx_word' id='word_1_94' title='bbox 1356 1195 1397 1231; x_wconf 89' lang='lat' dir='ltr'><strong>in</strong></span> <span class='ocrx_word' id='word_1_95' title='bbox 1428 1194 1607 1242; x_wconf 86' lang='lat' dir='ltr'><strong>vesperiis</strong></span> <span class='ocrx_word' id='word_1_96' title='bbox 1639 1193 1875 1230; x_wconf 84' lang='lat' dir='ltr'><strong>comitiorum</strong></span> 
     </span>
     <span class='ocr_line' id='line_1_13' title="bbox 420 1254 1877 1302; baseline -0.001 -11"><span class='ocrx_word' id='word_1_97' title='bbox 420 1254 595 1291; x_wconf 87' lang='lat' dir='ltr'><strong>habenda</strong></span> <span class='ocrx_word' id='word_1_98' title='bbox 622 1255 674 1291; x_wconf 90' lang='lat' dir='ltr'><strong>sit</strong></span> <span class='ocrx_word' id='word_1_99' title='bbox 706 1254 761 1290; x_wconf 90' lang='lat' dir='ltr'><strong>illi</strong></span> <span class='ocrx_word' id='word_1_100' title='bbox 787 1254 827 1290; x_wconf 89' lang='lat' dir='ltr'><strong>in</strong></span> <span class='ocrx_word' id='word_1_101' title='bbox 853 1254 934 1290; x_wconf 91' lang='lat' dir='ltr'><strong>loco</strong></span> <span class='ocrx_word' id='word_1_102' title='bbox 962 1255 1247 1302; x_wconf 81' lang='lat' dir='ltr'><strong>responsionum</strong></span> <span class='ocrx_word' id='word_1_103' title='bbox 1273 1254 1322 1291; x_wconf 83' lang='lat' dir='ltr'><strong>ad</strong></span> <span class='ocrx_word' id='word_1_104' title='bbox 1347 1266 1444 1302; x_wconf 86' lang='lat' dir='ltr'><strong>quas</strong></span> <span class='ocrx_word' id='word_1_105' title='bbox 1472 1257 1623 1291; x_wconf 90' lang='lat' dir='ltr'><strong>tenetur</strong></span> <span class='ocrx_word' id='word_1_106' title='bbox 1648 1254 1794 1290; x_wconf 88' lang='lat' dir='ltr'><strong>ratione</strong></span> <span class='ocrx_word' id='word_1_107' title='bbox 1818 1254 1877 1290; x_wconf 89' lang='lat' dir='ltr'><strong>sui</strong></span> 
     </span>
     <span class='ocr_line' id='line_1_14' title="bbox 420 1313 1068 1362; baseline -0.002 -11"><span class='ocrx_word' id='word_1_108' title='bbox 420 1313 558 1362; x_wconf 81' lang='lat' dir='ltr'><strong>gradus</strong></span> <span class='ocrx_word' id='word_1_109' title='bbox 582 1317 672 1351; x_wconf 86' lang='lat' dir='ltr'><strong>ante</strong></span> <span class='ocrx_word' id='word_1_110' title='bbox 695 1314 777 1350; x_wconf 86' lang='lat' dir='ltr'><strong>eius</strong></span> <span class='ocrx_word' id='word_1_111' title='bbox 801 1313 1068 1350; x_wconf 81' lang='lat' dir='ltr'><strong>admisslonem</strong></span> 
     </span>
    </p>
   </div>
   <div class='ocr_carea' id='block_1_4' title="bbox 818 1642 1386 1687">
    <p class='ocr_par' dir='ltr' id='par_1_7' title="bbox 818 1642 1386 1687">
     <span class='ocr_line' id='line_1_15' title="bbox 818 1642 1386 1687; baseline 0.002 -1"><span class='ocrx_word' id='word_1_112' title='bbox 818 1642 1030 1687; x_wconf 85' lang='lat' dir='ltr'><strong>Doctores</strong></span> <span class='ocrx_word' id='word_1_113' title='bbox 1062 1643 1109 1687; x_wconf 90' lang='lat' dir='ltr'><strong>in</strong></span> <span class='ocrx_word' id='word_1_114' title='bbox 1139 1643 1235 1687; x_wconf 91' lang='lat' dir='ltr'><strong>iure</strong></span> <span class='ocrx_word' id='word_1_115' title='bbox 1266 1643 1386 1687; x_wconf 91' lang='lat' dir='ltr'><strong>civili</strong></span> 
     </span>
    </p>
   </div>
   <div class='ocr_carea' id='block_1_5' title="bbox 327 1769 1880 1997">
    <p class='ocr_par' dir='ltr' id='par_1_8' title="bbox 327 1769 1880 1997">
     <span class='ocr_line' id='line_1_16' title="bbox 327 1769 1879 1820; baseline -0.001 -12"><span class='ocrx_word' id='word_1_116' title='bbox 327 1770 554 1809; x_wconf 82' lang='lat' dir='ltr'><strong>Conceditur</strong></span> <span class='ocrx_word' id='word_1_117' title='bbox 575 1774 620 1808; x_wconf 89' lang='grc'><strong>16</strong></span> <span class='ocrx_word' id='word_1_118' title='bbox 636 1770 660 1807; x_wconf 88' lang='lat' dir='ltr'>J</span> <span class='ocrx_word' id='word_1_119' title='bbox 663 1770 743 1807; x_wconf 89' lang='lat' dir='ltr'><strong>unii</strong></span> <span class='ocrx_word' id='word_1_120' title='bbox 766 1770 949 1807; x_wconf 88' lang='lat' dir='ltr'><strong>Nicholao</strong></span> <span class='ocrx_word' id='word_1_121' title='bbox 973 1771 1227 1820; x_wconf 82' lang='lat' dir='ltr'><strong>Bullyngham</strong></span> <span class='ocrx_word' id='word_1_122' title='bbox 1251 1770 1406 1808; x_wconf 84' lang='lat' dir='ltr'><strong>Oxoniis</strong></span> <span class='ocrx_word' id='word_1_123' title='bbox 1428 1773 1518 1807; x_wconf 86' lang='lat' dir='ltr'><strong>ante</strong></span> <span class='ocrx_word' id='word_1_124' title='bbox 1541 1769 1764 1807; x_wconf 88' lang='lat' dir='ltr'><strong>decennium</strong></span> <span class='ocrx_word' id='word_1_125' title='bbox 1786 1770 1879 1807; x_wconf 90' lang='lat' dir='ltr'><strong>iuris</strong></span> 
     </span>
     <span class='ocr_line' id='line_1_17' title="bbox 422 1829 1879 1878; baseline 0 -12"><span class='ocrx_word' id='word_1_126' title='bbox 422 1829 545 1866; x_wconf 82' lang='lat' dir='ltr'><strong>ciuilis</strong></span> <span class='ocrx_word' id='word_1_127' title='bbox 570 1829 816 1866; x_wconf 85' lang='lat' dir='ltr'><strong>bachalaureo</strong></span> <span class='ocrx_word' id='word_1_128' title='bbox 842 1833 885 1867; x_wconf 86' lang='lat' dir='ltr'><strong>vt</strong></span> <span class='ocrx_word' id='word_1_129' title='bbox 911 1831 1032 1878; x_wconf 83' lang='lat' dir='ltr'><strong>possit</strong></span> <span class='ocrx_word' id='word_1_130' title='bbox 1063 1831 1124 1867; x_wconf 91' lang='lat' dir='ltr'><strong>hic</strong></span> <span class='ocrx_word' id='word_1_131' title='bbox 1153 1830 1316 1878; x_wconf 87' lang='lat' dir='ltr'><strong>incipere</strong></span> <span class='ocrx_word' id='word_1_132' title='bbox 1349 1830 1450 1878; x_wconf 89' lang='lat' dir='ltr'><strong>apud</strong></span> <span class='ocrx_word' id='word_1_133' title='bbox 1479 1842 1546 1866; x_wconf 90' lang='lat' dir='ltr'><strong>vos</strong></span> <span class='ocrx_word' id='word_1_134' title='bbox 1574 1830 1614 1866; x_wconf 89' lang='lat' dir='ltr'><strong>in</strong></span> <span class='ocrx_word' id='word_1_135' title='bbox 1640 1829 1769 1867; x_wconf 88' lang='lat' dir='ltr'><strong>eodem</strong></span> <span class='ocrx_word' id='word_1_136' title='bbox 1799 1830 1879 1866; x_wconf 92' lang='lat' dir='ltr'><strong>iure</strong></span> 
     </span>
     <span class='ocr_line' id='line_1_18' title="bbox 421 1889 1880 1938; baseline -0.001 -12"><span class='ocrx_word' id='word_1_137' title='bbox 421 1890 478 1926; x_wconf 84' lang='lat' dir='ltr'><strong>ita</strong></span> <span class='ocrx_word' id='word_1_138' title='bbox 501 1889 602 1937; x_wconf 92' lang='lat' dir='ltr'><strong>quod</strong></span> <span class='ocrx_word' id='word_1_139' title='bbox 627 1890 709 1926; x_wconf 90' lang='lat' dir='ltr'><strong>eius</strong></span> <span class='ocrx_word' id='word_1_140' title='bbox 733 1889 912 1926; x_wconf 81' lang='lat' dir='ltr'><strong>admissio</strong></span> <span class='ocrx_word' id='word_1_141' title='bbox 939 1891 1006 1926; x_wconf 85' lang='lat' dir='ltr'><strong>fiat</strong></span> <span class='ocrx_word' id='word_1_142' title='bbox 1032 1889 1080 1926; x_wconf 84' lang='lat' dir='ltr'><strong>ad</strong></span> <span class='ocrx_word' id='word_1_143' title='bbox 1110 1890 1292 1938; x_wconf 87' lang='lat' dir='ltr'><strong>placitum</strong></span> <span class='ocrx_word' id='word_1_144' title='bbox 1318 1890 1396 1926; x_wconf 88' lang='lat' dir='ltr'><strong>sive</strong></span> <span class='ocrx_word' id='word_1_145' title='bbox 1422 1889 1461 1926; x_wconf 87' lang='lat' dir='ltr'><strong>in</strong></span> <span class='ocrx_word' id='word_1_146' title='bbox 1486 1889 1648 1925; x_wconf 86' lang='lat' dir='ltr'><strong>termino</strong></span> <span class='ocrx_word' id='word_1_147' title='bbox 1671 1889 1750 1926; x_wconf 89' lang='lat' dir='ltr'><strong>sive</strong></span> <span class='ocrx_word' id='word_1_148' title='bbox 1774 1891 1880 1925; x_wconf 85' lang='lat' dir='ltr'><strong>extra</strong></span> 
     </span>
     <span class='ocr_line' id='line_1_19' title="bbox 423 1948 1880 1997; baseline -0.001 -11"><span class='ocrx_word' id='word_1_149' title='bbox 423 1949 627 1986; x_wconf 84' lang='lat' dir='ltr'><strong>terminum</strong></span> <span class='ocrx_word' id='word_1_150' title='bbox 645 1954 684 1986; x_wconf 90' lang='lat' dir='ltr'><strong>et</strong></span> <span class='ocrx_word' id='word_1_151' title='bbox 701 1949 885 1986; x_wconf 82' lang='lat' dir='ltr'><strong>habeatur</strong></span> <span class='ocrx_word' id='word_1_152' title='bbox 897 1961 964 1997; x_wconf 88' lang='lat' dir='ltr'><strong>pro</strong></span> <span class='ocrx_word' id='word_1_153' title='bbox 977 1950 1174 1997; x_wconf 88' lang='lat' dir='ltr'><strong>completis</strong></span> <span class='ocrx_word' id='word_1_154' title='bbox 1186 1949 1304 1997; x_wconf 83' lang='lat' dir='ltr'><strong>gradu</strong></span> <span class='ocrx_word' id='word_1_155' title='bbox 1321 1952 1359 1986; x_wconf 83' lang='lat' dir='ltr'><strong>et</strong></span> <span class='ocrx_word' id='word_1_156' title='bbox 1372 1949 1492 1985; x_wconf 85' lang='lat' dir='ltr'><strong>forma</strong></span> <span class='ocrx_word' id='word_1_157' title='bbox 1504 1949 1684 1996; x_wconf 86' lang='lat' dir='ltr'><strong>quoniam</strong></span> <span class='ocrx_word' id='word_1_158' title='bbox 1700 1948 1880 1996; x_wconf 83' lang='lat' dir='ltr'><strong>proximis</strong></span> 
     </span>
    </p>
   </div>
   <div class='ocr_carea' id='block_1_6' title="bbox 423 2068 917 2106">
    <p class='ocr_par' dir='ltr' id='par_1_9' title="bbox 423 2068 917 2106">
     <span class='ocr_line' id='line_1_20' title="bbox 423 2068 917 2106; baseline 0.002 -2"><span class='ocrx_word' id='word_1_159' title='bbox 423 2068 610 2105; x_wconf 87' lang='lat' dir='ltr'><strong>officiariis</strong></span> <span class='ocrx_word' id='word_1_160' title='bbox 634 2070 674 2105; x_wconf 91' lang='lat' dir='ltr'><strong>et</strong></span> <span class='ocrx_word' id='word_1_161' title='bbox 697 2069 917 2106; x_wconf 80' lang='lat' dir='ltr'><strong>convivetur</strong></span> 
     </span>
    </p>
   </div>
   <div class='ocr_carea' id='block_1_7' title="bbox 846 2383 1385 2443">
    <p class='ocr_par' dir='ltr' id='par_1_10' title="bbox 846 2383 1385 2443">
     <span class='ocr_line' id='line_1_21' title="bbox 846 2383 1385 2443; baseline 0 -16"><span class='ocrx_word' id='word_1_162' title='bbox 846 2383 1056 2428; x_wconf 81' lang='lat' dir='ltr'><strong>Doctores</strong></span> <span class='ocrx_word' id='word_1_163' title='bbox 1087 2383 1133 2427; x_wconf 90' lang='lat' dir='ltr'><strong>in</strong></span> <span class='ocrx_word' id='word_1_164' title='bbox 1164 2383 1385 2443; x_wconf 84' lang='lat' dir='ltr'><strong>theologia</strong></span> 
     </span>
    </p>
   </div>
   <div class='ocr_carea' id='block_1_8' title="bbox 329 2517 1880 2802">
    <p class='ocr_par' dir='ltr' id='par_1_11' title="bbox 329 2517 1880 2802">
     <span class='ocr_line' id='line_1_22' title="bbox 329 2517 1880 2567; baseline 0.003 -13"><span class='ocrx_word' id='word_1_165' title='bbox 329 2517 556 2555; x_wconf 78' lang='lat' dir='ltr'><strong>Conceditur</strong></span> <span class='ocrx_word' id='word_1_166' title='bbox 585 2521 628 2555; x_wconf 84' lang='lat'><strong>13</strong></span> <span class='ocrx_word' id='word_1_167' title='bbox 656 2517 873 2555; x_wconf 80' lang='lat' dir='ltr'><strong>Decembris</strong></span> <span class='ocrx_word' id='word_1_168' title='bbox 898 2518 1078 2566; x_wconf 81' lang='lat' dir='ltr'><strong>magistro</strong></span> <span class='ocrx_word' id='word_1_169' title='bbox 1105 2518 1222 2567; x_wconf 85' lang='lat' dir='ltr'><strong>Porye</strong></span> <span class='ocrx_word' id='word_1_170' title='bbox 1247 2519 1546 2557; x_wconf 86' lang='lat' dir='ltr'><strong>vicecancellario</strong></span> <span class='ocrx_word' id='word_1_171' title='bbox 1571 2524 1613 2558; x_wconf 89' lang='lat' dir='ltr'><strong>vt</strong></span> <span class='ocrx_word' id='word_1_172' title='bbox 1637 2521 1807 2559; x_wconf 87' lang='lat' dir='ltr'><strong>studium</strong></span> <span class='ocrx_word' id='word_1_173' title='bbox 1835 2524 1880 2559; x_wconf 92' lang='lat'><strong>10</strong></span> 
     </span>
     <span class='ocr_line' id='line_1_23' title="bbox 423 2576 1877 2625; baseline 0.004 -12"><span class='ocrx_word' id='word_1_174' title='bbox 423 2587 610 2614; x_wconf 86' lang='lat' dir='ltr'><strong>annorum</strong></span> <span class='ocrx_word' id='word_1_175' title='bbox 644 2577 683 2613; x_wconf 84' lang='lat' dir='ltr'><strong>in</strong></span> <span class='ocrx_word' id='word_1_176' title='bbox 716 2576 902 2624; x_wconf 80' lang='lat' dir='ltr'><strong>theologia</strong></span> <span class='ocrx_word' id='word_1_177' title='bbox 934 2580 1021 2625; x_wconf 83' lang='lat' dir='ltr'><strong>post</strong></span> <span class='ocrx_word' id='word_1_178' title='bbox 1053 2577 1253 2615; x_wconf 86' lang='lat' dir='ltr'><strong>introitum</strong></span> <span class='ocrx_word' id='word_1_179' title='bbox 1280 2578 1319 2615; x_wconf 89' lang='lat' dir='ltr'><strong>in</strong></span> <span class='ocrx_word' id='word_1_180' title='bbox 1346 2578 1462 2616; x_wconf 86' lang='lat' dir='ltr'><strong>libros</strong></span> <span class='ocrx_word' id='word_1_181' title='bbox 1489 2580 1763 2618; x_wconf 87' lang='lat' dir='ltr'><strong>sententiarum</strong></span> <span class='ocrx_word' id='word_1_182' title='bbox 1792 2593 1877 2619; x_wconf 87' lang='lat' dir='ltr'><strong>oum</strong></span> 
     </span>
     <span class='ocr_line' id='line_1_24' title="bbox 423 2635 1878 2678; baseline 0.003 -6"><span class='ocrx_word' id='word_1_183' title='bbox 423 2635 571 2673; x_wconf 79' lang='lat' dir='ltr'><strong>duobus</strong></span> <span class='ocrx_word' id='word_1_184' title='bbox 588 2635 824 2673; x_wconf 73' lang='lat' dir='ltr'><strong>sermonibus</strong></span> <span class='ocrx_word' id='word_1_185' title='bbox 842 2648 914 2673; x_wconf 85' lang='lat' dir='ltr'><strong>vno</strong></span> <span class='ocrx_word' id='word_1_186' title='bbox 930 2636 979 2674; x_wconf 80' lang='lat' dir='ltr'><strong>ad</strong></span> <span class='ocrx_word' id='word_1_187' title='bbox 1001 2636 1142 2674; x_wconf 85' lang='lat' dir='ltr'><strong>clerum</strong></span> <span class='ocrx_word' id='word_1_188' title='bbox 1165 2637 1284 2675; x_wconf 87' lang='lat' dir='ltr'><strong>altero</strong></span> <span class='ocrx_word' id='word_1_189' title='bbox 1301 2638 1348 2675; x_wconf 80' lang='lat' dir='ltr'><strong>ad</strong></span> <span class='ocrx_word' id='word_1_190' title='bbox 1369 2650 1517 2676; x_wconf 86' lang='lat' dir='ltr'><strong>crucem</strong></span> <span class='ocrx_word' id='word_1_191' title='bbox 1539 2639 1645 2677; x_wconf 90' lang='lat' dir='ltr'><strong>Pauli</strong></span> <span class='ocrx_word' id='word_1_192' title='bbox 1661 2640 1823 2677; x_wconf 87' lang='lat' dir='ltr'><strong>sufficiat</strong></span> <span class='ocrx_word' id='word_1_193' title='bbox 1845 2641 1878 2678; x_wconf 92' lang='lat' dir='ltr'><strong>ei</strong></span> 
     </span>
     <span class='ocr_line' id='line_1_25' title="bbox 426 2696 1880 2744; baseline 0.004 -13"><span class='ocrx_word' id='word_1_194' title='bbox 426 2706 493 2743; x_wconf 82' lang='lat' dir='ltr'><strong>pro</strong></span> <span class='ocrx_word' id='word_1_195' title='bbox 516 2696 713 2744; x_wconf 84' lang='lat' dir='ltr'><strong>eompletis</strong></span> <span class='ocrx_word' id='word_1_196' title='bbox 742 2696 861 2733; x_wconf 80' lang='lat' dir='ltr'><strong>forma</strong></span> <span class='ocrx_word' id='word_1_197' title='bbox 893 2699 932 2733; x_wconf 85' lang='lat' dir='ltr'><strong>ot</strong></span> <span class='ocrx_word' id='word_1_198' title='bbox 963 2696 1081 2744; x_wconf 70' lang='lat' dir='ltr'><strong>gradu</strong></span> <span class='ocrx_word' id='word_1_199' title='bbox 1113 2696 1331 2735; x_wconf 80' lang='lat' dir='ltr'><strong>doctoratus</strong></span> <span class='ocrx_word' id='word_1_200' title='bbox 1359 2697 1398 2734; x_wconf 88' lang='lat' dir='ltr'><strong>in</strong></span> <span class='ocrx_word' id='word_1_201' title='bbox 1430 2698 1560 2735; x_wconf 88' lang='lat' dir='ltr'><strong>eadem</strong></span> <span class='ocrx_word' id='word_1_202' title='bbox 1589 2699 1769 2737; x_wconf 81' lang='lat' dir='ltr'><strong>facultate</strong></span> <span class='ocrx_word' id='word_1_203' title='bbox 1818 2700 1880 2738; x_wconf 84' lang='lat' dir='ltr'><strong>Ita</strong></span> 
     </span>
     <span class='ocr_line' id='line_1_26' title="bbox 425 2753 1880 2802; baseline 0.003 -13"><span class='ocrx_word' id='word_1_204' title='bbox 425 2753 524 2800; x_wconf 82' lang='lat' dir='ltr'><strong>quod</strong></span> <span class='ocrx_word' id='word_1_205' title='bbox 542 2757 691 2802; x_wconf 86' lang='lat' dir='ltr'><strong>recepto</strong></span> <span class='ocrx_word' id='word_1_206' title='bbox 714 2754 924 2791; x_wconf 85' lang='lat' dir='ltr'><strong>iuramento</strong></span> <span class='ocrx_word' id='word_1_207' title='bbox 946 2754 998 2791; x_wconf 81' lang='lat' dir='ltr'><strong>sit</strong></span> <span class='ocrx_word' id='word_1_208' title='bbox 1019 2757 1107 2791; x_wconf 75' lang='lat' dir='ltr'><strong>actu</strong></span> <span class='ocrx_word' id='word_1_209' title='bbox 1129 2754 1260 2792; x_wconf 85' lang='lat' dir='ltr'><strong>doctor</strong></span> <span class='ocrx_word' id='word_1_210' title='bbox 1281 2756 1440 2792; x_wconf 86' lang='lat' dir='ltr'><strong>statutis</strong></span> <span class='ocrx_word' id='word_1_211' title='bbox 1455 2759 1524 2793; x_wconf 91' lang='lat' dir='ltr'><strong>aut</strong></span> <span class='ocrx_word' id='word_1_212' title='bbox 1545 2757 1880 2795; x_wconf 83' lang='lat' dir='ltr'><strong>consuetudinibus</strong></span> 
     </span>
    </p>
   </div>
   <div class='ocr_carea' id='block_1_9' title="bbox 424 2811 1880 2906">
    <p class='ocr_par' dir='ltr' id='par_1_12' title="bbox 424 2811 1880 2906">
     <span class='ocr_line' id='line_1_27' title="bbox 425 2811 1880 2906; baseline 0.003 -58"><span class='ocrx_word' id='word_1_213' title='bbox 425 2811 536 2906; x_wconf 55' lang='lat' dir='ltr'><strong>isgus</strong></span> <span class='ocrx_word' id='word_1_214' title='bbox 566 2811 835 2878; x_wconf 40' lang='lat' dir='ltr'><strong>’vniuersitatis</strong></span> <span class='ocrx_word' id='word_1_215' title='bbox 877 2823 951 2849; x_wconf 85' lang='lat' dir='ltr'><strong>uon</strong></span> <span class='ocrx_word' id='word_1_216' title='bbox 995 2811 1236 2850; x_wconf 74' lang='lat' dir='ltr'><strong>obstantibus</strong></span> <span class='ocrx_word' id='word_1_217' title='bbox 1271 2812 1325 2850; x_wconf 85' lang='lat' dir='ltr'><strong>sic</strong></span> <span class='ocrx_word' id='word_1_218' title='bbox 1366 2816 1493 2851; x_wconf 87' lang='lat' dir='ltr'><strong>tamen</strong></span> <span class='ocrx_word' id='word_1_219' title='bbox 1532 2813 1633 2862; x_wconf 89' lang='lat' dir='ltr'><strong>quod</strong></span> <span class='ocrx_word' id='word_1_220' title='bbox 1671 2815 1880 2852; x_wconf 75' lang='lat' dir='ltr'><strong>satisfaciat</strong></span> 
     </span>
     <span class='ocr_line' id='line_1_28' title="bbox 424 2881 611 2906; baseline 0.011 -2"><span class='ocrx_word' id='word_1_221' title='bbox 424 2883 446 2904; x_wconf 84' lang='lat' dir='ltr'><strong>o</strong></span> <span class='ocrx_word' id='word_1_222' title='bbox 487 2881 611 2906; x_wconf 75' lang='grc' dir='ltr'><strong>οιηηικ</strong></span> 
     </span>
    </p>
   </div>
  </div>
 </body>
</html>
