2046 3224
285 189 340 231 46
866 195 1018 227 GRAcE
1047 195 1173 227 BOOK
1203 194 1232 226 Δ
1609 176 1827 237 [1546-47

378 297 635 346 ponendorum
668 298 708 333 in
741 296 916 333 manibus
948 299 1232 343 procuratorum
1264 297 1469 341 antequam
1501 293 1728 329 admittatur
1755 290 1830 326 suf-

378 356 480 392 ficiat
499 356 534 392 ei
555 355 603 392 ad
626 355 882 402 incipiendum
905 355 945 390 in
967 353 1154 400 theologia
1203 352 1264 388 Ita
1280 355 1322 388 vt
1341 351 1568 387 admittatur
1583 349 1631 386 ad
1650 349 1831 396 placitum

378 416 474 452 citra
497 415 637 451 festum
664 413 858 450 Michaelis
877 416 917 449 et
938 414 1019 449 eius
1042 412 1222 448 admissio
1246 413 1324 447 stet
1347 411 1381 447 ei
1406 422 1474 458 pro
1495 409 1691 456 completis
1714 406 1832 454 gradu

378 478 418 511 et
441 466 561 510 forma
625 474 687 510 Sic
712 477 753 509 vt
778 473 900 509 solvat
925 472 1160 508 vniversitati
1185 470 1248 518 iiju
1273 471 1324 517 vj*³
1352 469 1449 517 viijd
1476 472 1516 505 et
1543 468 1717 505 conviuet
1745 477 1831 502 cum

380 534 493 570 huius
516 534 606 569 anni
631 531 992 569 commensatoribus

127 823 155 861 f.
183 823 230 860 19
245 823 270 859 b
686 819 838 862 Gratie
871 818 988 861 varie
1024 823 1070 860 et
1099 817 1447 874 dispensaciones

290 943 335 978 In
358 942 490 990 primis
513 941 731 978 conceditur
753 944 795 977 vt
816 940 1080 977 determinatio
1101 939 1149 976 ad
1171 951 1286 987 quam
1311 941 1461 976 tenetur
1485 939 1615 975 doctor
1636 937 1838 984 Atkynson

382 1001 528 1037 ratione
548 1000 686 1048 gradus
709 1000 927 1037 doctoratus
950 999 991 1035 in
1012 999 1199 1045 theologia
1223 999 1388 1045 suscepti
1411 998 1551 1034 mutari
1574 997 1693 1044 possit
1717 995 1776 1031 vel
1798 995 1838 1030 in

383 1059 680 1107 disputationem
708 1057 955 1104 theologicam
982 1056 1042 1092 vel
1069 1056 1108 1091 iu
1137 1056 1352 1092 concionem
1380 1055 1428 1092 ad
1456 1055 1597 1092 clerum
1625 1053 1839 1090 habendum

387 1118 472 1167 [sic]
497 1122 587 1155 ante
610 1119 751 1155 festum
778 1117 919 1153 Pasche
943 1115 1157 1164 proximum

292 1178 390 1214 Item
407 1177 626 1214 conceditur
648 1179 691 1214 vt
707 1177 887 1223 magister
904 1175 1028 1211 Huett
1043 1174 1164 1222 possit
1180 1173 1318 1210 habere
1334 1173 1463 1210 literas
1479 1171 1778 1209 conuersacionis
1801 1173 1840 1206 et

384 1237 522 1285 gradus
546 1237 730 1284 sigillatas
754 1235 876 1282 sigillo
900 1238 1026 1270 vestro
1051 1233 1242 1270 communi

292 1297 434 1334 Eadem
465 1296 587 1344 gratia
618 1296 665 1332 de
697 1295 811 1331 verbo
843 1295 884 1330 in
917 1293 1074 1330 verbum
1107 1292 1324 1329 conceditur
1355 1292 1545 1340 magistris
1573 1291 1763 1328 Assheton
1795 1289 1842 1327 de

386 1356 540 1403 collegio
567 1355 668 1391 Petri
693 1358 733 1391 ct
759 1354 961 1400 Hodgeson
985 1352 1032 1388 de
1057 1352 1209 1399 collegio
1234 1352 1403 1399 Reginali

294 1416 393 1452 Item
409 1415 671 1462 dispensatum
692 1417 752 1450 est
767 1424 854 1449 cum
872 1412 1078 1448 variatione
1094 1411 1143 1448 ad
1160 1423 1275 1458 quam
1297 1415 1449 1448 tenetur
1468 1411 1646 1458 magister
1669 1410 1844 1457 Vyncent

386 1474 565 1522 quoniam
593 1473 776 1521 superiori
804 1471 967 1509 termino
994 1475 1148 1519 propter
1175 1471 1471 1519 disputationem
1498 1482 1614 1518 quam
1641 1469 1776 1506 habuit
1803 1468 1843 1504 in

387 1533 538 1580 propria
554 1544 713 1580 persona
729 1530 924 1568 commode
939 1531 1084 1567 variare
1101 1542 1177 1567 non
1194 1530 1321 1578 potuit
1365 1529 1579 1566 variaturus
1595 1529 1665 1565 hoc
1683 1527 1845 1564 termino

388 1591 461 1627 nisi
485 1590 587 1638 quod
611 1590 891 1638 disputaciones
919 1588 1173 1637 philosophice
1199 1592 1352 1636 propter
1379 1587 1664 1624 dissolutionem
1692 1584 1845 1622 termini

390 1649 743 1687 intermittebantur

297 1711 395 1747 Item
429 1721 646 1746 concessum
681 1711 740 1746 est
767 1712 810 1746 vt
843 1709 1010 1745 Joannes
1038 1707 1197 1755 Smythe
1230 1707 1282 1743 sit
1318 1706 1491 1743 minister
1520 1709 1643 1742 vester
1670 1705 1710 1742 in
1743 1715 1845 1741 scru-

390 1769 517 1806 tandis
540 1772 580 1806 et
603 1768 830 1816 gawgiandis
855 1768 955 1804 vasis
982 1768 1021 1804 in
1046 1767 1225 1804 mmdinis
1253 1765 1581 1814 Stirbrigiensibus
1606 1768 1646 1802 et
1670 1763 1846 1802 omnibus

390 1827 630 1865 libertatibus
667 1826 927 1863 vniuersitatis
965 1837 1009 1861 ea
1046 1825 1126 1872 lege
1165 1827 1205 1862 et
1240 1824 1455 1861 condicione
1490 1823 1630 1872 quibus
1665 1835 1754 1860 vsus
1789 1827 1848 1859 est

379 1887 570 1935 ,magister
594 1886 715 1934 Lacye
739 1897 860 1933 nuper
883 1884 1085 1921 defunctus

299 1947 397 1983 Item
419 1944 637 1982 conceditur
659 1949 702 1980 vt
717 1943 928 1991 disputatio
950 1942 1208 1991 philosophica
1230 1953 1304 1989 que
1326 1941 1500 1978 hesterno
1516 1940 1577 1978 die
1600 1940 1850 1977 celebraretur

390 2008 574 2053 tanquam
606 2002 861 2052 percelebrata
896 2001 1081 2038 habeatur
1113 2001 1293 2048 quoniam
1332 2003 1480 2037 statuta
1512 1999 1644 2037 iubent
1676 2012 1724 2037 ne
1755 1999 1847 2047 quid

391 2064 500 2101 cedat
524 2064 563 2100 in
587 2063 860 2100 detrimentum
886 2062 1115 2099 bedellorum

300 2122 398 2159 Item
415 2121 632 2158 conceditur
648 2124 690 2157 vt
712 2120 897 2157 terminus
919 2119 1029 2156 hodie
1044 2117 1199 2155 dissolvi
1222 2117 1342 2166 possit
1359 2129 1476 2165 vsque
1492 2116 1540 2154 ad
1557 2117 1697 2154 festum
1716 2116 1847 2153 Pente-

391 2182 513 2216 costes
574 2179 636 2215 Ita
657 2182 784 2215 tamen
807 2181 850 2215 vt
870 2177 1149 2226 disputaciones
1171 2175 1425 2224 philosophice
1451 2175 1602 2212 interim
1623 2174 1742 2211 fiende
1765 2178 1847 2211 tau-

392 2250 507 2286 quam
524 2239 622 2275 facte
637 2242 862 2274 censeantur
881 2240 962 2274 tam
981 2248 1056 2284 quo
1076 2235 1124 2272 ad
1144 2235 1343 2283 magistros
1359 2234 1618 2283 disputaturos
1638 2236 1677 2270 et
1694 2233 1847 2270 baccha-

393 2297 539 2333 laureos
567 2307 810 2344 responsuros
838 2306 952 2342 quam
985 2305 1060 2341 quo
1087 2292 1136 2329 ad
1171 2292 1332 2330 bedellos
1392 2293 1443 2329 Et
1471 2295 1514 2330 vt
1545 2292 1849 2340 congregaciones

392 2354 640 2392 admissiones
656 2353 936 2402 disputaciones
951 2356 990 2390 et
1012 2352 1348 2390 determinaciones
1370 2351 1574 2399 theologice
1591 2351 1734 2388 interea
1756 2351 1850 2388 fiant

396 2414 549 2463 perinde
564 2426 608 2451 ac
624 2414 656 2450 ui
675 2414 860 2451 terminus
876 2425 952 2450 non
968 2411 1237 2449 dissolueretur

305 2475 400 2511 ltem
432 2472 617 2510 consimili
650 2473 771 2510 forma
802 2471 1024 2509 dissoluitur
1056 2470 1240 2508 terminus
1273 2482 1295 2506 a
1327 2468 1496 2518 predicto
1529 2469 1624 2506 festo
1655 2481 1769 2517 vsque
1801 2468 1850 2506 ad

397 2534 535 2570 reatum
560 2532 719 2570 Joannis
745 2531 916 2580 Baptiste
940 2533 980 2568 et
1003 2530 1141 2567 abhinc
1166 2541 1283 2577 vsque
1307 2528 1355 2566 ad
1379 2528 1572 2565 commitia

307 2592 403 2629 ltem
431 2590 649 2629 wnceditur
675 2594 716 2627 vt
744 2590 937 2627 commitia
968 2593 988 2628 7
1013 2588 1094 2626 dies
1119 2588 1217 2625 vltra
1244 2587 1399 2625 solitum
1428 2590 1578 2635 tempus
1606 2590 1852 2635 prorogantur

397 2651 576 2699 quoniam
604 2650 651 2688 de
677 2650 883 2687 autoritate
911 2652 950 2686 et
977 2648 1129 2686 licentia
1154 2659 1281 2685 eorum
1307 2645 1611 2684 celebrandorum
1636 2649 1725 2683 ante
1751 2646 1851 2683 hunc

398 2710 497 2748 diem
521 2722 654 2759 panau
680 2709 902 2747 constiterat
926 2708 997 2759 [et]
1021 2708 1087 2757 qui
1110 2708 1150 2745 in
1174 2707 1249 2744 illis
1273 2718 1404 2744 causas
1427 2705 1667 2754 gravissimas
1691 2708 1852 2743 tractare

397 2768 539 2806 debent
557 2768 738 2806 imotenus
757 2780 830 2805 non
847 2771 938 2805 sunt
954 2766 1153 2804 constituti

308 2829 403 2866 lteui
429 2827 645 2865 conceditur
670 2830 711 2864 vt
739 2838 872 2876 proper
899 2829 1132 2874 grnmsautem
1159 2827 1303 2873 pestem
1327 2826 1367 2860 et
1390 2821 1599 2859 absentiam
1626 2821 1851 2859 scholarium

400 2887 509 2925 lectio
535 2886 802 2924 mathematica
826 2885 1028 2924 intermitti
1054 2884 1173 2934 possit
1199 2894 1315 2933 veque
1338 2881 1386 2920 ad
1410 2882 1548 2920 festum
1575 2880 1733 2919 Dionisii
