2008 3216
198 153 420 210 1561—62]
773 160 927 194 emon
956 159 1082 191 BOOK
1111 159 1143 191 Δ
1661 148 1746 189 153

195 266 423 303 Conceditur
439 268 485 302 23
501 266 525 302 J
527 263 674 301 anuarii
689 263 852 300 Roberto
870 263 980 300 Some
993 266 1035 299 vt
1051 265 1074 299 9
1090 262 1243 299 termini
1260 262 1300 298 in
1316 262 1387 298 hac
1404 262 1596 298 academia
1613 265 1749 309 praeter
1765 254 1789 294 f·
1814 253 1865 292 63
1879 266 1903 291 a

289 324 461 361 studium
477 323 589 361 vnius
610 323 701 358 anni
724 322 764 358 in
787 322 1051 358 transmarinis
1067 321 1241 370 partibus
1257 321 1297 357 in
1314 320 1453 368 quibus
1469 324 1540 358 etc.
1557 321 1748 358 sufficiant

289 382 325 419 ei
340 381 390 419 ad
405 381 708 430 respondendum
723 382 914 428 questioni

196 442 425 479 Conceditur
456 441 587 477 eodem
615 440 640 476 J
642 452 673 477 o.
706 441 863 486 Quarles
890 445 934 477 vt
962 441 1000 477 ix
1028 440 1182 477 termini
1215 440 1255 476 in
1287 440 1359 476 hac
1387 439 1580 476 academia
1612 442 1749 487 praeter

289 501 460 538 studium
484 512 596 536 suum
621 500 661 536 in
686 500 950 536 transmarinis
974 499 1148 546 partibus
1171 500 1211 535 in
1236 499 1376 546 quibus
1400 502 1469 536 etc.
1498 499 1688 535 sufficiant
1713 500 1748 535 ei

290 559 339 596 ad
362 559 665 607 respondendum
689 559 879 605 questioni

196 619 339 655 Eadem
355 619 477 666 gratia
492 618 711 654 conceditur
727 618 856 654 eodem
873 630 959 655 cum
973 617 1036 665 viij
1055 619 1228 654 terminis
1246 619 1440 666 Rodolpho
1459 618 1747 666 Hetheryngton

195 677 424 714 Conceditur
455 680 503 713 30
531 677 703 713 Januarii
732 677 790 712 W.
821 676 971 724 Brabyn
1000 680 1044 712 vt
1074 679 1119 713 lO
1148 677 1301 713 termini
1334 678 1373 713 in
1402 677 1542 723 quibus
1570 677 1749 713 lectiones

290 736 498 772 ordinarias
522 735 670 772 audiuit
694 736 782 772 licet
806 747 881 771 non
906 736 1059 772 omnino
1083 736 1290 772 secundum
1316 736 1475 772 formam
1499 737 1636 772 statuti
1661 749 1747 773 cuin

289 799 358 833 etc.
377 796 567 832 sufficiant
583 795 617 831 ei
634 795 683 831 ad
699 795 1001 843 respondendum
1018 796 1207 842 questioni

196 854 338 891 Eadem
366 855 488 902 gratia
516 854 734 890 conceditur
761 854 892 890 eodem
922 866 1008 890 cum
1038 854 1076 890 ix
1103 855 1277 891 terminis
1303 854 1395 892 Tho.
1425 855 1560 891 Newce
1587 857 1626 891 et
1655 854 1747 891 Rob.

291 913 451 949 Downes

195 972 424 1009 Conceditur
439 972 508 1019 vj⁶⁰
524 971 718 1008 Februarii
736 972 793 1010 W.
814 972 945 1008 Butler
961 975 1004 1008 vt
1021 972 1070 1019 xij
1090 973 1242 1008 termini
1267 973 1306 1008 in
1323 973 1462 1020 quibus
1482 973 1661 1009 lectiones
1677 977 1747 1009 etc.

289 1032 479 1068 sufficiant
505 1032 539 1068 ei
566 1031 613 1068 ad
641 1032 942 1079 respondendum
969 1032 1159 1080 questioni
1265 1033 1320 1068 ita
1348 1033 1449 1079 quod
1478 1033 1559 1068 eius
1586 1033 1749 1068 eruditio

289 1092 525 1127 examinetur
551 1094 590 1126 et
616 1090 846 1138 approbetur
871 1102 939 1138 per
964 1091 1197 1138 oppositores
1225 1092 1337 1127 huius
1363 1092 1453 1128 anni

196 1150 423 1187 Conceditur
444 1154 467 1187 6
490 1150 620 1186 Martii
643 1150 735 1186 Tho.
755 1149 932 1186 Cowarde
949 1153 991 1186 vt
1013 1150 1062 1196 xij
1082 1150 1233 1186 termini
1258 1151 1296 1186 in
1313 1150 1452 1197 quibus
1471 1154 1541 1187 etc.
1559 1151 1748 1187 sufficiant

290 1210 324 1245 ei
346 1209 394 1245 ad
417 1209 579 1246 finaliter
600 1208 929 1245 determinandum
951 1221 1038 1244 cum
1063 1209 1218 1256 reliquis
1239 1210 1501 1256 questionistis
1523 1210 1635 1246 huius
1657 1211 1747 1246 anni

290 1269 344 1305 sic
372 1272 500 1305 tamen
527 1271 569 1305 vt
596 1269 701 1316 prius
729 1268 964 1304 examinetur
989 1271 1028 1304 et
1054 1268 1284 1316 approbetur
1307 1269 1388 1306 eius
1412 1269 1573 1305 eruditio
1597 1281 1663 1316 per
1687 1282 1747 1305 ex-

290 1328 517 1364 aminatores
544 1327 656 1363 huius
683 1327 772 1363 anni
798 1329 837 1362 et
860 1329 938 1362 stet
963 1326 1001 1362 in
1027 1327 1172 1373 reliqua
1193 1327 1479 1374 quadragesima
1503 1339 1589 1364 cum
1614 1329 1748 1364 ceteris

289 1386 551 1433 questionistis

197 1446 338 1482 Eadem
355 1445 477 1492 gratia
493 1444 712 1481 conceditur
728 1444 858 1480 eodem
878 1444 1067 1480 Florentio
1085 1445 1293 1481 Stevenson

197 1505 338 1541 Eadem
354 1505 476 1551 gratia
492 1504 709 1540 conceditur
725 1503 855 1539 eodem
873 1515 959 1539 cum
980 1506 1020 1539 11
1041 1504 1215 1540 terminis
1232 1504 1288 1540 W.
1306 1503 1465 1551 Wycket

198 1564 516 1601 Determinatores
540 1564 683 1610 collegii
710 1563 858 1610 Regalis
882 1563 952 1598 hac
974 1563 1260 1609 quadragesima
1282 1563 1420 1610 quibus
1445 1563 1549 1599 nulla
1573 1576 1748 1601 concessa

290 1635 410 1670 neque
426 1623 547 1670 petita
564 1626 622 1658 est
638 1622 760 1669 gratia
777 1626 867 1658 sunt
885 1621 976 1659 Rob.
997 1621 1118 1669 Spark
1134 1626 1174 1658 et
1190 1621 1213 1658 J
1216 1634 1292 1660 acO.
1311 1622 1400 1658 Cole

627 1854 744 1898 Ordo
775 1854 1043 1898 senioritatis
1074 1855 1310 1898 eorundem

432 1982 626 2030 Bromfyld
870 1982 1019 2030 Bourgh
1276 1983 1406 2020 Butler

429 2043 573 2091 Sparke
866 2042 1091 2078 Cranshawe
1273 2042 1401 2079 Bucke

431 2102 520 2139 Cole
868 2101 996 2138 Crofte
1273 2102 1382 2138 Tuke

431 2161 583 2210 Gylpyn
869 2162 1029 2209 Hartley
1274 2162 1501 2198 Grenewood

431 2220 598 2257 Steward
870 2221 1017 2257 Fourde
1274 2221 1478 2270 Robynson

432 2280 567 2328 Kynge
870 2281 1017 2317 Fenton
1274 2281 1436 2328 Wycket

432 2338 584 2375 Clifford
870 2339 1006 2375 Garret
1273 2339 1392 2376 Stubs

430 2398 622 2445 Aldrydge
868 2397 1026 2445 Smythe
1273 2398 1384 2435 Some

430 2456 466 2492 N
468 2467 565 2492 ewce
869 2455 956 2503 Gyll
1275 2457 1410 2493 Clarke

432 2514 554 2561 Ryges
870 2514 1078 2562 Wyllyams
1273 2516 1480 2552 Stevenson

432 2572 720 2620 Hetheryngton
870 2572 1029 2608 Downes
1274 2574 1419 2611 Burton

430 2631 627 2679 Chapman
871 2632 991 2680 Rylye
1273 2634 1424 2681 Brabyn

431 2690 634 2727 Barnewell
868 2691 1024 2735 Quarles
1272 2692 1428 2729 Watson

429 2748 466 2784 N
467 2749 632 2785 ewlande
867 2749 1042 2796 Twaytes
1273 2749 1380 2786 Batis

428 2806 452 2842 J
454 2807 593 2843 ackson
871 2807 955 2843 Sole
1272 2808 1405 2845 Askall

430 2867 563 2902 Sterne
872 2867 1057 2914 Patrycke
1274 2868 1429 2905 Oowand
