2046 3224
132 2092 159 2131 f.
184 2093 280 2132 26a

351 186 406 228 62
430 169 432 172 ⁵
930 195 1082 226 enses
1112 195 1237 226 BOOK
1267 197 1298 226 Δ
1676 185 1898 241 [1548-49

443 300 583 336 clerum
599 300 757 336 dicendo
772 312 897 336 coram
914 299 1021 336 vobis
1036 301 1132 336 citra
1148 301 1287 336 festum
1304 301 1473 337 omnium
1489 304 1703 337 sauctorum
1721 303 1761 337 et
1782 300 1898 337 tercio

442 359 491 395 ad
506 371 654 395 crucem
673 359 778 395 Pauli
795 359 957 395 sufficiat
973 359 1007 395 ei
1023 359 1072 395 ad
1088 359 1344 406 incipiendum
1361 360 1400 395 in
1416 372 1522 396 sacra
1538 359 1723 406 theologia

350 419 447 455 Item
466 417 683 454 conceditur
706 418 887 464 magistro
904 417 1110 454 Clabrooke
1131 422 1173 454 vt
1195 418 1365 454 studium
1387 419 1504 454 trium
1527 430 1711 454 annorum
1732 419 1771 454 in
1792 418 1895 454 theo-

443 477 540 524 logia
568 480 654 524 post
681 477 762 513 eius
790 477 989 513 introitum
1018 478 1057 513 in
1086 477 1200 513 libros
1229 478 1503 514 sententiarum
1531 490 1606 514 vna
1633 490 1719 514 cum
1750 477 1897 514 duobus

442 535 676 572 sermonibus
708 548 782 572 vno
813 536 862 572 ad
899 536 1039 572 clerum
1071 536 1342 572 examinatorio
1374 537 1492 573 altero
1523 537 1571 573 ad
1604 549 1751 573 erucem
1791 536 1896 572 Pauli

443 596 605 631 sufficiat
628 596 662 631 ei
687 595 736 631 ad
760 595 1015 642 incipiendum
1040 596 1079 631 in
1103 607 1209 631 sacra
1232 596 1418 643 theologia

351 655 449 690 Item
465 654 682 690 conceditur
703 654 825 690 eidem
847 654 1026 701 quoniam
1043 653 1218 690 omnibus
1239 654 1483 690 concionandi
1503 655 1663 691 facultas
1679 654 1897 691 admittitur

443 712 491 749 ad
516 713 698 760 placitum
722 713 843 759 possit
867 713 1019 749 admitti
1044 712 1091 748 ad
1121 712 1375 760 incipiendum
1404 714 1444 749 in
1468 725 1573 750 sacra
1601 714 1788 760 theologia
1836 714 1898 750 Sic

442 775 571 807 tamen
593 771 694 818 quod
717 772 919 818 impetrata
941 771 1184 807 concionandi
1207 771 1388 808 facultate
1404 772 1685 820 quamprimum
1705 772 1898 808 commode

443 832 583 878 poterit
606 830 821 866 concionem
847 830 887 865 in
912 842 1083 866 sermone
1107 830 1225 866 latino
1247 842 1372 866 coram
1395 829 1502 866 vobis
1526 830 1663 867 habeat
1713 831 1774 867 Ita
1797 830 1898 877 quod

444 901 520 926 non
545 889 768 926 differantur
790 889 985 925 commitia
1008 889 1178 936 proxima

565 1091 718 1135 Gratie
750 1090 868 1133 varie
899 1098 945 1132 et
975 1089 1141 1132 nullam
1173 1090 1354 1132 formam
1386 1097 1691 1134 concernentes

352 1218 396 1254 In
415 1219 547 1266 primis
563 1218 781 1255 conceditur
792 1220 835 1254 vt
851 1218 988 1264 singuli
1005 1217 1238 1265 presidentes
1253 1219 1399 1265 possint
1415 1219 1573 1256 allocare
1584 1231 1766 1267 expensas
1780 1219 1900 1254 factas

446 1277 606 1314 Londini
629 1278 668 1314 in
687 1277 847 1324 negociis
864 1277 999 1313 vestris
1021 1289 1088 1324 per
1103 1276 1293 1313 doctorem
1312 1277 1457 1314 Madew
1474 1281 1514 1315 et
1533 1279 1739 1326 prefectum
1755 1277 1899 1324 collegii

444 1336 523 1372 diui
543 1336 643 1372 Petri
693 1336 754 1372 Sic
771 1335 872 1382 quod
889 1336 986 1372 ratio
1003 1335 1091 1372 inde
1106 1335 1285 1372 reddatur
1301 1336 1399 1372 infra
1415 1340 1560 1384 septem
1576 1336 1656 1374 dies

351 1394 450 1431 Item
476 1395 694 1432 conceditur
722 1398 764 1431 vt
790 1395 951 1442 Segarus
979 1395 1015 1431 N
1017 1395 1196 1443 ycholson
1225 1395 1345 1443 possit
1371 1407 1451 1432 esse
1476 1407 1573 1432 vnus
1600 1395 1898 1444 appreciatorum

443 1454 524 1491 loco
551 1459 590 1491 et
616 1455 695 1491 vice
723 1454 909 1502 Rodolphi
944 1455 1009 1491 Ive
1037 1458 1077 1491 et
1105 1467 1218 1503 super
1247 1455 1316 1492 hac
1343 1459 1469 1492 vestra
1496 1456 1732 1493 concessione
1759 1454 1898 1492 habeat

444 1513 574 1550 literas
598 1514 780 1561 sigillatas
803 1513 925 1561 sigillo
949 1514 1141 1550 communi

352 1573 450 1621 Item
468 1573 686 1610 conceditur
698 1577 740 1610 vt
757 1577 970 1621 postremus
982 1573 1311 1610 determinacionis
1326 1573 1407 1610 dies
1423 1573 1666 1611 celebrandus
1682 1586 1748 1622 per
1764 1573 1898 1620 magis-

445 1635 547 1668 trum
574 1632 763 1669 Barnarde
788 1636 934 1679 patrem
959 1632 1020 1668 die
1043 1632 1149 1668 Jovis
1173 1633 1343 1680 proximo
1367 1632 1551 1669 habeatur
1576 1633 1630 1669 sic
1653 1645 1698 1669 ea
1721 1633 1803 1680 ipsa
1826 1632 1899 1669 dis-

446 1692 596 1739 putacio
615 1695 693 1728 stet
715 1703 782 1739 pro
798 1691 964 1728 eiusdem
987 1691 1245 1739 disputacione
1266 1692 1315 1729 ad
1331 1704 1447 1740 quam
1469 1695 1620 1729 tenetur
1640 1692 1702 1729 die
1725 1691 1899 1729 Mercurii

446 1749 690 1797 subsequenti
708 1762 775 1787 nec
791 1750 900 1787 cedat
916 1751 954 1787 in
972 1751 1218 1798 preiudicium
1238 1751 1467 1788 bedellorum

355 1810 452 1846 Item
473 1809 690 1846 conceditur
713 1812 758 1846 ut
780 1810 959 1857 magister
980 1811 1203 1847 Sherwoode
1226 1811 1347 1858 possit
1369 1810 1505 1847 habere
1521 1811 1651 1847 literas
1671 1822 1796 1847 annue
1813 1822 1899 1858 pen-

447 1868 563 1904 sionis
587 1880 654 1905 sue
678 1880 744 1916 per
767 1869 880 1916 Regie
907 1869 1119 1906 Maiestatis
1142 1870 1381 1906 visitatorum
1403 1869 1595 1907 decretum
1619 1869 1690 1906 sibi
1713 1870 1900 1917 assignate

446 1928 566 1974 sigillo
584 1932 708 1964 vestro
728 1929 918 1965 communi
941 1927 1158 1975 obsignatas
1175 1929 1286 1965 modo
1308 1929 1413 1977 prius
1433 1929 1695 1966 examinentur
1710 1932 1749 1966 et
1766 1941 1897 1977 appro-

446 1986 585 2023 bentur
600 1999 666 2035 per
681 1987 875 2024 dominum
894 1988 1237 2043 vicecancellarium
1253 1988 1424 2026 doctores
1443 1989 1608 2026 Madewe
1624 1992 1664 2026 et
1681 1988 1843 2026 Haddon

353 2091 451 2128 Item
473 2091 690 2128 conceditur
714 2094 757 2128 vt
780 2093 959 2140 quoniam
985 2105 1094 2130 nemo
1118 2093 1469 2130 bacchalaureorum
1495 2093 1533 2130 in
1559 2093 1745 2140 theologia
1768 2093 1816 2130 ad
1845 2105 1899 2130 re-

444 2150 706 2199 spondendum
729 2151 767 2187 in
784 2150 844 2188 die
860 2152 1139 2188 commitiorum
1157 2152 1279 2199 parari
1304 2152 1424 2199 possit
1440 2152 1510 2188 hoc
1527 2154 1693 2189 muneris
1708 2151 1758 2189 ab
1773 2152 1900 2199 aliquo

445 2210 625 2257 magistro
650 2210 687 2246 in
714 2210 861 2247 artibus
886 2211 1007 2259 possit
1032 2210 1198 2259 suppleri
1224 2210 1279 2247 ita
1302 2214 1344 2247 vt
1368 2211 1435 2247 hec
1460 2211 1542 2259 ipsa
1565 2211 1756 2259 responsio
1780 2211 1901 2259 possit

444 2268 498 2306 illi
518 2281 599 2306 esse
621 2269 700 2306 loco
719 2273 759 2307 et
780 2270 860 2307 vice
882 2270 1135 2318 responsionis
1161 2282 1227 2318 per
1248 2273 1395 2307 statuta
1417 2271 1597 2318 requisito
1621 2271 1653 2308 si
1678 2270 1829 2319 quando
1850 2270 1899 2308 ad

442 2327 599 2376 gradum
617 2327 950 2367 bacchalaureatus
966 2330 1005 2366 in
1023 2329 1211 2377 theologia
1226 2330 1392 2378 aspirare
1409 2329 1500 2367 velit

977 2483 1031 2527 In
1063 2482 1279 2527 medicina

353 2607 451 2644 Item
471 2607 689 2645 conceditur
709 2608 872 2645 Roberto
899 2607 1056 2656 Bentley
1073 2611 1116 2644 vt
1140 2606 1310 2645 studium
1327 2609 1367 2643 et
1389 2605 1554 2654 practica
1569 2604 1765 2642 duodecim
1783 2616 1897 2641 anno-

445 2678 529 2704 rum
549 2667 586 2703 in
605 2666 800 2704 medicinis
812 2671 852 2705 et
867 2668 1056 2715 chirurgia
1072 2667 1261 2704 sufficiant
1272 2666 1306 2703 ei
1323 2665 1371 2703 ad
1388 2663 1670 2714 practicandum
1688 2665 1726 2701 in
1743 2664 1896 2702 eiisdem

446 2726 497 2763 Et
522 2726 635 2763 huius
662 2730 785 2763 vestre
813 2726 1063 2764 concessionis
1092 2725 1230 2763 habeat
1257 2725 1386 2762 literas
1413 2723 1595 2772 sigillatas
1623 2723 1744 2771 sigillo
1774 2727 1898 2761 vestro

444 2785 632 2822 communi
664 2785 774 2822 modo
797 2785 879 2822 eius
902 2784 1155 2823 erudioionem
1183 2784 1288 2833 prius
1310 2781 1604 2832 approbauerint
1628 2781 1703 2819 duo
1727 2781 1898 2820 doctores

443 2843 610 2882 eiusdem
635 2844 828 2882 facultatis
850 2849 889 2881 et
913 2848 954 2881 vt
976 2843 1205 2882 admittatur
1220 2843 1300 2880 siue
1319 2843 1357 2880 in
1374 2842 1536 2879 isi-mino
1552 2841 1632 2878 siue
1649 2844 1754 2878 extra
1769 2843 1896 2880 termi-

445 2914 536 2940 num
553 2902 854 2951 quandocunque
871 2903 1015 2940 venerit
