2008 3216
132 150 351 206 1553-54]
715 160 866 193 emon
897 161 1020 193 BOOK
1052 162 1082 193 A
1622 150 1676 193 97

130 264 229 300 Item
253 263 472 301 conceditur
500 265 680 312 magistro
705 265 875 312 Gogman
900 268 943 301 vt
969 265 1140 302 studium
1168 268 1189 304 7
1214 278 1401 302 annorum
1426 266 1466 303 in
1492 267 1680 314 theologia

223 326 426 370 postquam
448 324 585 360 rexerit
608 324 648 360 in
671 324 819 360 artibus
841 336 928 361 cum
950 325 1099 362 duobus
1120 325 1356 362 sermonibus
1374 337 1448 362 vno
1469 325 1518 362 ad
1537 325 1678 362 clerum

221 382 340 420 altero
363 383 412 420 ad
436 395 585 420 crucem
613 384 719 420 Pauli
742 387 781 420 et
803 396 891 421 cum
914 397 989 422 vna
1011 386 1253 433 responsione
1270 386 1330 422 vel
1352 386 1525 434 pluribus
1547 386 1580 422 si
1602 386 1678 422 exi-

223 445 362 488 gantur
383 443 573 479 sufficiant
593 444 626 480 ei
644 443 691 480 ad
710 443 975 491 opponendum
992 447 1031 480 et
1047 444 1268 481 intrandum
1286 445 1326 481 in
1343 444 1530 491 theologia
1547 448 1586 481 et
1601 448 1678 481 stet

223 513 416 549 opponens
432 514 550 549 vsque
565 503 614 539 ad
631 503 771 540 festum
789 503 960 540 Barnabe

125 558 268 596 Eadem
284 560 406 606 gratia
421 560 468 597 de
486 561 598 598 verbo
615 562 655 598 in
672 561 828 598 verbum
846 562 1065 599 conceditur
1082 563 1262 610 magistro
1281 562 1450 599 Pollarde

130 619 230 655 Item
251 620 469 657 conceditur
490 621 610 658 eidem
634 623 813 669 magistro
837 623 1007 659 Pollarde
1031 626 1073 659 vt
1094 624 1286 671 responsio
1307 623 1516 670 theologica
1538 624 1576 660 in
1598 636 1677 660 ves-

223 679 336 727 periis
365 680 536 718 habenda
569 693 636 729 per
667 682 827 719 eundem
859 683 912 719 sit
943 683 997 719 illi
1030 683 1069 719 in
1098 683 1178 719 loco
1205 683 1459 731 responsionis
1485 683 1533 719 ad
1561 695 1676 731 quam

222 741 374 775 tenetur
397 740 545 776 racione
568 740 706 787 gradus
729 742 788 777 sui

129 796 227 833 Item
251 797 468 835 conceditur
491 799 671 846 magistro
697 801 851 837 Murton
874 804 917 838 vt
941 801 1112 838 studium
1135 813 1199 838 sex
1221 813 1406 838 annorum
1430 802 1470 838 in
1490 801 1677 849 theologia

222 859 424 904 postquam
453 858 589 894 rexerit
617 859 656 894 in
689 859 837 896 artibus
866 872 939 896 vna
966 872 1052 896 cum
1085 860 1232 897 duobus
1263 860 1499 897 sermonibus
1525 873 1599 897 vno
1627 861 1675 898 ad

221 913 361 950 clerum
384 914 501 950 altero
523 915 571 951 ad
593 928 742 952 crucem
765 917 871 953 Pauli
894 922 934 954 et
955 929 1042 954 cum
1067 930 1140 954 vna
1161 919 1401 964 responsione
1423 918 1482 954 vel
1504 918 1676 966 pluribus

221 973 254 1009 si
276 973 472 1020 exigantur
494 986 593 1010 anno
615 976 784 1022 proximo
807 976 879 1012 sub
901 988 999 1024 pena
1019 977 1208 1013 caucionis
1228 977 1338 1013 realis
1354 980 1518 1024 quatuor
1534 989 1675 1014 marca-

221 1043 305 1068 rum
330 1032 500 1080 ponende
525 1033 564 1069 in
589 1033 764 1070 manibus
788 1038 1073 1082 procuratorum
1097 1035 1325 1072 admittatur
1347 1036 1431 1082 (sic)
1455 1036 1617 1072 sufficiat
1640 1037 1674 1073 ei

221 1093 301 1127 tam
317 1091 365 1128 ad
382 1092 646 1140 opponendum
664 1105 778 1140 quam
796 1093 1013 1130 intrandum
1031 1095 1070 1130 in
1087 1107 1192 1131 sacra
1208 1095 1394 1142 theologia

126 1150 267 1187 Eadem
291 1152 413 1198 gratia
435 1151 482 1188 de
504 1152 618 1189 verbo
642 1153 682 1189 in
706 1153 860 1190 verbum
887 1154 1104 1191 conceditur
1128 1155 1308 1202 magistro
1333 1155 1456 1191 Baker
1477 1155 1549 1191 nisi
1573 1155 1674 1202 quod

219 1209 282 1247 ille
299 1211 455 1248 vlterius
470 1215 623 1248 tenetur
638 1212 708 1248 hoc
724 1224 824 1249 anno
839 1212 993 1250 admitti

126 1268 225 1305 Item
257 1270 474 1307 conceditur
505 1272 684 1318 magistro
718 1272 860 1308 Pecoke
892 1275 934 1309 vt
963 1272 1133 1309 studium
1161 1275 1182 1310 7
1209 1284 1394 1309 annorum
1421 1273 1461 1309 in
1487 1272 1674 1320 theologia
1692 1269 1721 1310 f.
1745 1271 1797 1310 38
1812 1270 1840 1310 b

219 1333 420 1376 postquam
442 1331 579 1367 rexerit
602 1332 640 1368 in
663 1331 810 1368 artibus
831 1344 916 1368 cum
939 1331 1086 1368 duobus
1108 1332 1343 1368 sermonibus
1366 1345 1439 1368 vno
1461 1332 1509 1369 ad
1531 1332 1673 1370 clerum

219 1387 336 1424 altero
368 1389 416 1425 ad
449 1402 596 1427 crucem
631 1391 737 1427 Pauli
769 1395 809 1427 et
841 1403 927 1428 cum
962 1404 1035 1428 vna
1067 1393 1309 1439 responsione
1341 1392 1399 1428 vel
1438 1392 1608 1440 pluribus
1639 1393 1672 1429 si

220 1447 416 1495 exigantur
437 1450 627 1487 sufficiant
650 1450 684 1486 ei
707 1450 754 1487 ad
780 1451 1042 1498 opponendum
1068 1455 1108 1487 et
1132 1451 1351 1488 intrandum
1377 1452 1416 1488 in
1440 1464 1546 1488 sacra
1570 1453 1674 1489 theo-

219 1506 316 1553 logia
338 1508 390 1544 sic
413 1509 512 1555 quod
535 1521 621 1545 cum
644 1510 767 1546 factus
792 1510 903 1546 fuerit
925 1510 1097 1546 sacerdos
1119 1511 1239 1558 possit
1255 1510 1408 1547 admitti
1426 1511 1473 1548 ad
1490 1512 1673 1559 placitum

218 1567 258 1601 et
277 1568 353 1602 stet
370 1579 561 1614 opponens
577 1580 695 1615 vsque
711 1568 759 1604 ad
776 1569 914 1605 festum
933 1569 1104 1605 Barnabe

126 1623 225 1660 Item
242 1624 459 1662 conceditur
475 1626 595 1662 eidem
609 1630 651 1662 vt
668 1627 860 1674 responsio
876 1639 943 1675 per
958 1640 1044 1664 eum
1061 1628 1123 1664 die
1138 1629 1417 1665 commitiorum
1434 1629 1607 1666 habenda
1623 1631 1675 1667 sit

218 1683 271 1719 illi
289 1683 370 1720 loco
385 1686 638 1733 responsionis
653 1685 701 1731 ad
718 1698 833 1734 quam
851 1691 1004 1724 tenetur
1020 1688 1168 1724 racione
1183 1688 1320 1735 gradus
1336 1689 1395 1724 sui

126 1741 224 1778 Item
240 1743 458 1780 conceditur
474 1745 653 1792 magistro
676 1746 812 1793 Tayler
827 1746 970 1793 collegii
988 1746 1131 1783 Christi
1148 1751 1190 1783 vt
1206 1749 1229 1783 6
1245 1759 1430 1783 annorum
1447 1748 1617 1784 studium
1635 1749 1674 1785 in

219 1802 405 1850 theologia
423 1808 625 1852 postquam
643 1806 780 1842 rexerit
797 1806 836 1841 in
854 1805 1000 1842 artibus
1017 1818 1103 1842 cum
1120 1805 1267 1842 duobus
1283 1806 1519 1844 sermonibus
1536 1820 1610 1844 vno
1625 1808 1674 1844 ad

218 1861 359 1898 clerum
376 1863 494 1899 altero
509 1863 557 1900 ad
575 1876 723 1900 crucem
746 1865 852 1901 Pauli
869 1868 908 1901 et
924 1877 1011 1901 cum
1029 1877 1103 1901 vna
1120 1866 1360 1913 responsione
1378 1866 1436 1902 vel
1453 1866 1625 1914 pluribus
1641 1868 1673 1903 si

217 1920 415 1968 exigantur
437 1923 626 1959 sufficiant
650 1923 684 1959 ei
708 1923 756 1960 ad
781 1923 1046 1971 opponendum
1070 1928 1110 1960 et
1133 1926 1353 1961 intrandum
1378 1926 1416 1961 in
1443 1937 1549 1962 sacra
1570 1926 1673 1962 theo-

218 1979 316 2027 logia
362 1981 416 2017 sic
432 1981 533 2028 quod
550 1985 628 2019 stet
644 1994 836 2030 opponens
853 1995 970 2031 vsque
986 1983 1034 2020 ad
1051 1984 1189 2020 festum
1209 1984 1380 2021 Barnabe

125 2038 224 2075 Item
249 2039 467 2076 conceditur
489 2041 611 2078 eidem
634 2044 677 2078 vt
698 2043 891 2090 responsio
913 2043 1122 2090 theologica
1143 2044 1192 2080 ad
1214 2056 1330 2091 quam
1353 2048 1505 2082 tenetur
1526 2046 1674 2083 racione

218 2098 355 2144 gradus
379 2099 439 2136 sui
463 2099 604 2136 differri
629 2101 749 2148 possit
773 2102 827 2138 sic
852 2102 952 2150 quod
979 2103 1047 2139 fiat
1070 2103 1167 2139 citra
1190 2104 1330 2140 festum
1355 2105 1494 2141 natalis
1520 2106 1673 2143 Domini

218 2159 430 2206 proximum
452 2160 524 2196 sub
546 2172 643 2208 pena
662 2161 851 2198 caucionis
869 2162 980 2199 realis
996 2163 1046 2199 xl·
1062 2163 1233 2210 ponende
1250 2164 1289 2200 in
1308 2163 1483 2200 manibus
1499 2177 1672 2212 procura-

218 2220 344 2255 torum
361 2222 566 2267 antequam
583 2220 812 2258 admittatur
856 2222 1066 2270 (respondit
1082 2224 1244 2272 margin)

125 2276 225 2313 Item
257 2277 475 2314 conceditur
506 2282 550 2315 vt
581 2280 778 2316 conciones
810 2280 1089 2328 disputaciones
1117 2287 1156 2318 et
1185 2282 1446 2330 responsiones
1478 2283 1577 2320 facte
1608 2296 1675 2332 per

218 2337 442 2383 magistrum
472 2338 600 2374 Bovell
627 2350 728 2375 anno
759 2340 941 2387 preterito
973 2343 1076 2377 stent
1103 2341 1138 2377 ei
1167 2353 1235 2389 pro
1262 2341 1460 2389 completis
1487 2342 1605 2389 gradu
1634 2347 1674 2379 et

218 2395 338 2432 forma
378 2396 708 2435 bacchalaureatus
744 2400 784 2435 in
817 2400 1004 2447 theologia
1067 2401 1122 2437 sic
1153 2400 1254 2448 quod
1287 2402 1408 2448 possit
1438 2401 1592 2438 admitti
1624 2403 1672 2439 ad

218 2455 400 2503 placitum
425 2460 465 2494 et
488 2461 616 2495 tamen
642 2459 748 2495 iuxta
772 2463 900 2496 vetera
923 2463 1072 2497 statuta
1095 2461 1337 2497 concionetur
1364 2461 1459 2497 duos
1482 2473 1673 2498 sermones

217 2526 335 2552 vnum
356 2516 404 2552 ad
426 2516 567 2553 clerum
589 2517 753 2554 alterum
774 2518 823 2555 ad
845 2530 995 2556 crucem
1018 2520 1125 2556 Pauli
1174 2519 1445 2567 (Concionatus
1466 2522 1525 2556 est
1549 2521 1672 2570 primo

216 2573 278 2611 die
294 2573 452 2612 Veneris
467 2575 654 2613 adventus
673 2578 765 2613 1558
813 2578 976 2627 maryin)

232 2945 263 2972 1..
287 2946 340 2974 1v.
1537 2944 1559 2982 7
