2008 3216
397 95 481 136 160
976 103 1130 135 eRAcn
1159 103 1282 135 BOOK
1315 103 1345 134 Δ
1724 91 1947 147 [1561-62

395 209 622 247 Conceditur
638 209 706 257 vj⁰³
722 208 917 245 Februarii
935 211 978 244 vt
993 208 1074 245 dies
1098 209 1204 244 Lune
1225 210 1265 244 et
1283 207 1419 243 Martis
1442 207 1482 242 in
1505 206 1750 254 carnisprivio
1772 206 1852 242 sint
1873 217 1948 242 non

488 268 736 316 disputabiles
752 280 828 304 non
845 267 1021 304 obstante
1037 269 1184 304 statuto
1201 267 1274 303 nisi
1295 266 1419 314 quoad
1436 266 1636 313 magistros
1651 265 1890 313 disputantes
1909 267 1949 301 et

489 327 653 364 bedellos

394 386 621 423 Conceditur
652 399 701 422 xx
726 386 856 422 Martii
878 389 921 422 vt
945 398 1068 422 sermo
1092 386 1140 422 ad
1164 397 1313 422 crucem
1338 385 1416 421 divi
1445 384 1552 421 Pauli
1580 384 1628 420 ad
1656 396 1770 431 quem
1798 385 1951 420 tenetur

488 446 667 493 magister
694 446 719 482 J
721 458 753 482 o.
788 445 1029 493 Pylkyngton
1063 444 1209 480 ratione
1236 443 1375 491 gradus
1403 443 1570 490 suscepti
1596 443 1716 490 possit
1742 442 1883 479 mutari
1909 442 1949 478 in

486 517 551 542 sex
567 515 758 540 sermones
774 503 822 540 ad
838 503 1022 551 populum
1039 502 1079 539 in
1091 501 1380 550 quibuscunque
1392 501 1484 538 locis
1500 501 1556 537 illi
1573 500 1772 538 videbatur
1788 501 1950 537 maxime

486 574 692 610 congruum

392 621 620 659 Conceditur
641 633 689 657 xv
714 620 806 656 Maii
828 623 872 656 vt
893 619 1087 667 responsio
1109 619 1158 655 ad
1182 631 1297 666 quam
1322 621 1475 655 tenetur
1498 619 1679 666 magister
1701 618 1782 655 Bell
1804 619 1950 655 ratione

487 680 625 728 gradus
649 680 708 716 sui
737 678 905 726 suscepti
931 678 1052 726 possit
1082 678 1222 714 differri
1250 677 1289 713 in
1314 678 1525 725 proximum
1551 689 1694 714 annum
1719 677 1773 714 sic
1796 681 1840 714 vt
1867 688 1950 713 eam

488 743 642 788 peragat
661 742 751 775 ante
774 739 915 775 festum
934 737 1129 774 Paschatis
1152 737 1365 785 proximum
1389 736 1461 773 sub
1482 749 1580 784 pena
1604 736 1658 784 liij
1671 749 1690 773 s
1714 736 1767 784 iiij
1780 736 1805 773 d
1832 736 1950 784 (foris-

489 800 578 836 fecit
594 799 724 847 mry.)

394 859 622 896 Conceditur
642 857 773 894 eodem
795 860 838 893 vt
860 868 983 894 sermo
1007 856 1057 892 ad
1079 856 1220 892 clerum
1243 855 1291 891 ad
1316 867 1429 902 quem
1452 857 1604 892 tenetur
1626 855 1805 902 magister
1826 853 1953 890 Fuller

489 917 634 954 ratione
650 916 788 964 gradus
805 916 864 952 sui
887 915 1053 962 suscepti
1070 915 1191 962 possit
1214 914 1355 950 differri
1375 914 1414 950 in
1432 914 1533 950 diem
1555 914 1723 950 cinerum
1739 914 1952 961 proximum

490 977 544 1013 sic
561 980 603 1012 vt
619 988 705 1012 eum
723 979 815 1012 tunc
833 977 986 1022 peragat
1002 973 1074 1009 sub
1089 985 1188 1020 pena
1203 972 1256 1020 liij
1270 985 1289 1008 s
1306 972 1360 1020 iiij
1373 972 1398 1009 d
1416 973 1575 1020 (peregit
1592 974 1724 1019 mary.)

395 1036 623 1074 Conceditur
651 1049 699 1071 xx
727 1036 750 1071 J
754 1035 835 1071 unii
862 1037 904 1071 vt
933 1046 1055 1070 sermo
1084 1033 1132 1070 ad
1161 1033 1343 1081 populum
1373 1033 1421 1069 ad
1450 1045 1564 1080 quem
1593 1036 1745 1070 tenetur
1773 1033 1953 1080 magister

490 1094 617 1131 Fuller
649 1095 796 1131 ratione
828 1093 966 1140 gradus
998 1093 1057 1129 sui
1087 1093 1254 1140 suscepti
1282 1093 1403 1140 possit
1430 1092 1572 1129 differri
1599 1093 1639 1128 in
1666 1104 1834 1129 mensem
1867 1094 1954 1139 post

490 1153 643 1190 comitia
667 1153 838 1201 proxima
855 1153 1013 1200 (peregit
1030 1153 1161 1199 marq.)

395 1213 624 1251 Conceditur
651 1225 699 1249 xv
730 1212 822 1248 Maii
855 1214 899 1248 vt
924 1211 983 1249 W.
1012 1211 1173 1247 Burwell
1201 1223 1298 1247 vnus
1323 1211 1624 1259 appreciatorum
1653 1215 1863 1247 vestrorum
1887 1210 1954 1258 qui

490 1273 558 1309 diu
589 1273 670 1309 sine
703 1272 856 1308 licentia
889 1275 1015 1307 vestra
1047 1271 1086 1306 in
1120 1270 1367 1318 preiuditium
1400 1271 1679 1318 privilegiorum
1717 1282 1783 1318 per
1814 1270 1955 1317 regiam

491 1332 730 1369 maiestatem
763 1330 954 1367 academie
987 1330 1222 1367 indultorum
1254 1330 1508 1377 implacitavit
1540 1331 1579 1366 in
1612 1330 1803 1367 communi
1836 1329 1956 1366 banco

491 1393 552 1429 Jo.
587 1393 684 1428 Rust
717 1395 757 1427 et
783 1391 888 1427 Alex.
925 1391 1005 1438 Rey
1032 1390 1121 1427 ville
1147 1390 1387 1437 Cantabrigie
1416 1390 1679 1426 aldermannos
1707 1389 1827 1437 possit
1855 1401 1956 1426 nunc

492 1451 590 1488 bona
621 1453 747 1487 vestra
779 1461 863 1485 cum
893 1449 1004 1485 venia
1036 1451 1191 1496 propter
1223 1449 1406 1485 humilem
1439 1449 1754 1497 supplicationem
1782 1461 1891 1485 suam
1915 1449 1955 1485 in

492 1511 596 1548 dicto
618 1510 737 1546 banco
761 1512 801 1546 et
822 1508 908 1545 aliis
933 1509 1049 1545 curiis
1070 1508 1222 1545 domine
1244 1509 1369 1556 regine
1388 1509 1568 1546 adversus
1590 1508 1740 1546 eosdem
1758 1509 1956 1556 procedere

493 1570 673 1618 quoniam
690 1569 771 1605 sine
787 1579 924 1615 magno
941 1580 1010 1604 suo
1026 1567 1262 1604 incommodo
1279 1571 1318 1604 et
1335 1568 1480 1604 iactura
1497 1580 1607 1605 cause
1623 1580 1707 1605 eam
1723 1568 1771 1606 ad
1789 1571 1956 1606 vestrum

493 1630 725 1667 territorium
741 1628 922 1665 devocare
938 1640 1013 1664 non
1031 1628 1151 1675 possit

400 1690 628 1727 Conceditur
644 1702 692 1726 xx
708 1689 731 1725 J
734 1689 815 1725 unii
834 1691 876 1725 vt
893 1688 1064 1735 magistri
1082 1690 1252 1735 regentes
1269 1688 1416 1735 possint
1428 1688 1623 1736 disputare
1639 1701 1726 1725 cum
1742 1688 1803 1725 his
1819 1689 1958 1736 quibus

496 1749 636 1786 desunt
654 1748 914 1796 responsiones
931 1751 1020 1784 ante
1044 1747 1215 1794 proxima
1237 1747 1392 1783 comitia
1414 1747 1548 1784 diebus
1570 1759 1644 1784 non
1665 1747 1958 1796 disputabilibus

498 1809 530 1845 si
548 1821 643 1856 opus
659 1808 774 1845 fuerit

403 1865 632 1903 Conceditur
647 1865 777 1902 eodem
794 1868 837 1902 vt
859 1865 1039 1912 magister
1061 1864 1388 1901 vicecancellarius
1409 1864 1541 1900 doctor
1561 1864 1692 1912 Harvy
1708 1863 1851 1900 domini
1875 1876 1958 1912 pro-

497 1928 689 1962 curatores
720 1928 759 1961 et
785 1928 1014 1962 scrutatores
1038 1924 1186 1972 possint
1210 1927 1336 1960 vestra
1361 1923 1594 1960 authoritate
1622 1923 1783 1960 eximere
1814 1936 1836 1960 e
1864 1924 1960 1961 cista

497 1984 687 2021 communi
705 1984 832 2021 omnia
853 1996 898 2021 ea
919 1986 1166 2020 monumenta
1188 1995 1261 2030 que
1286 1982 1495 2019 necessaria
1516 1986 1608 2019 sunt
1629 1982 1676 2019 ad
1699 1982 1961 2021 distribuenda

498 2055 543 2080 ea
558 2044 597 2079 in
615 2043 754 2080 librum
773 2043 921 2090 nigrum
939 2042 1082 2079 domini
1101 2042 1392 2078 vicecancellarii

246 2097 272 2136 f.
297 2097 346 2137 67
361 2110 386 2135 a
404 2103 633 2140 Conceditur
649 2102 746 2150 xxvij
765 2102 789 2139 J
793 2103 870 2139 unii
890 2105 933 2139 vt
953 2101 1209 2139 ordinationes
1232 2100 1342 2137 modo
1359 2100 1454 2137 lecte
1476 2100 1623 2148 possint
1645 2104 1771 2137 vestra
1794 2101 1961 2138 authori-

500 2166 580 2199 tate
596 2165 636 2198 et
651 2162 801 2198 decreto
817 2165 860 2198 vt
876 2163 1024 2199 statuta
1040 2160 1239 2209 approbari

406 2221 633 2258 Conceditur
653 2220 783 2257 eodem
810 2224 852 2258 vt
875 2220 1052 2257 dominus
1076 2220 1405 2257 vicecancellarius
1428 2219 1601 2256 doctores
1624 2220 1742 2256 Perne
1765 2222 1805 2256 et
1830 2220 1961 2268 Harvy

502 2282 679 2329 magister
693 2282 877 2318 Beamont
888 2282 1067 2328 magister
1077 2281 1219 2328 collegii
1235 2281 1373 2317 Sancte
1384 2280 1584 2316 Trinitatis
1595 2281 1773 2326 magister
1784 2280 1961 2317 Hawford

500 2340 689 2377 academie
722 2344 848 2377 orator
880 2344 919 2377 et
946 2340 1089 2377 domini
1117 2342 1378 2387 procuratores
1403 2339 1550 2386 possint
1579 2342 1705 2375 vestra
1730 2338 1962 2376 authoritate

501 2400 703 2436 transferre
736 2400 775 2436 in
809 2399 970 2435 latinum
1004 2410 1214 2435 sermonem
1249 2397 1417 2445 predicta
1445 2400 1592 2434 statuta
1624 2400 1663 2434 et
1689 2397 1896 2434 describere
1922 2398 1962 2434 in

502 2458 640 2495 librum
658 2462 942 2505 procuratorum
966 2469 1052 2493 cum
1076 2456 1230 2503 reliquis
1252 2456 1410 2492 statutis
1434 2455 1547 2503 idque
1571 2456 1669 2492 infra
1691 2458 1843 2503 tempus
1866 2456 1962 2492 limi-

504 2522 627 2554 tatum
653 2518 691 2554 in
719 2520 866 2554 statuto
896 2520 1012 2564 vtque
1039 2516 1209 2553 executio
1234 2516 1422 2552 dictorum
1449 2517 1679 2552 statutorum
1705 2514 1900 2552 differatur
1922 2515 1962 2552 in

502 2575 602 2612 diem
629 2575 840 2622 proximum
865 2578 954 2611 ante
979 2574 1149 2622 proxima
1173 2573 1327 2610 comitia

408 2634 636 2671 Conceditur
650 2634 779 2671 eodem
798 2637 839 2670 vt
856 2645 978 2670 sermo
995 2633 1042 2669 ad
1063 2633 1204 2669 clerum
1221 2632 1268 2669 ad
1291 2644 1403 2680 quem
1428 2635 1581 2669 tenetur
1604 2632 1784 2679 magister
1809 2632 1962 2669 Neuton

503 2694 648 2730 ratione
676 2693 814 2740 gradus
841 2693 1005 2740 suscepti
1037 2692 1157 2740 possit
1185 2692 1324 2729 differri
1351 2692 1405 2728 ita
1434 2694 1561 2728 tamen
1595 2695 1638 2728 vt
1663 2690 1848 2728 habeatur
1872 2694 1962 2728 ante

410 2811 637 2847 Conceditur
654 2811 689 2847 ix
707 2811 727 2846 J
735 2811 798 2847 ulii
819 2816 859 2846 vt
877 2810 1061 2846 terminus
1079 2810 1198 2858 possit
1217 2809 1325 2845 hodie
1341 2808 1493 2845 dissolvi
1513 2820 1587 2845 non
1605 2807 1780 2845 obstante
1799 2812 1947 2847 statuto
