2008 3216
177 156 393 215 1557-58]
757 170 908 202 omen
938 171 1060 202 BOOK
1095 171 1122 202 Δ
1642 159 1724 199 125

175 273 403 311 Conceditur
427 275 593 312 Johanni
623 276 810 323 Beryman
836 278 879 311 vt
904 275 1077 311 vndecim
1103 274 1257 310 termini
1284 285 1371 310 cum
1397 274 1560 309 termino
1586 274 1625 309 in
1652 284 1727 319 quc

269 332 308 368 in
335 332 473 380 quibus
500 333 678 370 lectiones
706 333 914 370 ordinarias
942 332 1092 369 audiuit
1120 331 1208 368 licet
1237 343 1312 367 non
1341 331 1495 367 omnino
1520 330 1727 367 seeundum

269 392 429 428 formam
452 392 588 428 statuti
611 404 698 428 cum
718 391 1018 440 oppositionibus
1037 394 1076 428 et
1096 390 1402 438 responsionibus
1418 389 1610 437 requisitis
1626 389 1727 425 suffi-

269 449 372 486 ciant
388 450 422 486 ei
439 449 487 486 ad
503 450 806 497 respondendum
823 449 1013 496 questioni

174 508 316 544 Eadem
342 509 463 556 gratia
488 509 534 545 de
558 508 671 545 verbo
698 509 738 544 in
765 508 919 545 verbum
946 508 1163 545 conceditur
1186 507 1374 544 willelmo
1400 506 1538 555 Smyth
1562 506 1727 543 «Iohanni

269 568 418 616 Lynsey
433 570 472 604 et
499 568 674 615 Philippo
699 567 922 604 Sherwodde
946 572 985 605 et
1010 568 1236 605 Cbatterton

174 628 494 664 Determinatores
517 628 660 675 collegii
685 628 833 675 Regalis
856 628 926 664 hac
949 628 1235 675 quadragesima
1254 626 1394 674 quibus
1410 626 1516 663 nulla
1531 628 1591 662 est
1606 626 1728 674 petita
1744 621 1771 659 f.
1796 621 1846 659 49
1861 621 1886 658 b

269 699 390 734 neque
411 699 586 724 concessa
607 692 666 724 est
688 687 810 734 gratia
831 690 922 724 sunt
944 687 1087 724 domini
1107 686 1318 723 wendover
1341 687 1498 722 Preston
1521 686 1666 722 Burton
1689 688 1728 722 et

270 746 418 782 Smithe

174 805 370 852 Supplicat
394 806 530 842 vestris
555 807 777 843 reuerentiis
801 806 1013 842 Willelmus
1037 805 1178 852 Cragge
1203 808 1245 841 vt
1274 807 1318 840 12
1343 804 1495 841 termini
1525 804 1565 840 in
1589 803 1728 851 quibus

268 864 446 900 lectiones
482 865 691 901 ordinarias
727 865 876 901 audiuit
912 865 1001 901 licet
1034 877 1110 901 non
1143 865 1297 901 omnino
1330 863 1537 900 secundum
1568 864 1727 900 formam

268 924 405 960 statuti
430 936 516 960 cum
541 924 842 971 oppositionibus
866 928 905 960 et
929 923 1234 971 responsionibus
1263 923 1455 970 requisitis
1481 923 1669 959 sufficiant
1692 923 1727 958 ei

269 983 316 1020 ad
351 984 514 1020 finaliter
545 984 874 1021 determinandum
909 996 994 1020 cum
1029 984 1164 1020 ceteris
1196 983 1458 1031 questionistis
1491 982 1605 1018 huius
1637 982 1726 1018 anni

270 1044 332 1080 Sic
369 1046 498 1080 tamen
530 1046 573 1080 vt
610 1044 692 1080 eius
724 1044 887 1080 eruditio
919 1043 1155 1080 examinetur
1186 1046 1225 1079 et
1257 1042 1487 1090 approbetur
1517 1054 1585 1089 per
1614 1053 1728 1089 oppo-

269 1103 403 1140 sitores
438 1103 552 1140 huius
584 1103 674 1140 anni
711 1105 750 1140 et
787 1106 864 1140 stet
900 1103 939 1140 in
980 1103 1125 1150 reliqua
1157 1102 1444 1150 quadragesima
1475 1113 1562 1138 cum
1594 1100 1729 1137 ceteris

269 1163 532 1210 questionistis

254 1399 477 1443 Numerus
507 1398 918 1442 bacchalaureorum
950 1398 996 1441 in
1026 1397 1196 1441 artibus
1227 1398 1358 1441 istius
1387 1397 1493 1440 anni
1524 1397 1651 1440 iuxta

802 1469 1102 1512 senioritatem

172 1585 348 1622 dominus
367 1585 492 1632 Layne
508 1588 597 1621 actu
613 1584 904 1622 bacchalaureus
921 1589 1010 1622 ante
1025 1585 1126 1622 diem
1143 1585 1311 1621 cinerum

368 1660 598 1697 ¹Wendover
922 1662 1082 1697 Downes
1328 1660 1424 1707 Page

388 1719 512 1756 Smith
530 1719 625 1766 (coll.
644 1719 667 1755 J
670 1719 844 1766 ohannis)
920 1720 1052 1756 Rudde
1326 1718 1545 1755 Sherwoode

388 1779 544 1818 Preston
923 1779 1067 1815 Burton
1327 1778 1510 1815 Cornwall

385 1838 409 1874 J
411 1849 524 1884 arvys
923 1837 1073 1885 Lynsey
1326 1837 1455 1873 White

387 1897 612 1934 Chatterton
921 1896 1115 1932 Adamson
1325 1896 1433 1932 West

387 1955 523 1992 Talbot
920 1955 1166 1997 Sawnderson
1326 1956 1481 2002 Bungey

388 2014 539 2051 Randes
923 2015 1114 2051 Henmare
1325 2014 1485 2062 Wynter

387 2073 565 2110 Oookroft
920 2073 1020 2109 Huit
1326 2073 1450 2110 Cooke

388 2132 529 2168 Gravet
920 2131 1139 2179 Bynghame
1327 2132 1364 2167 N
1365 2143 1488 2168 ewson

388 2190 555 2227 Laoocke
920 2190 1105 2238 Beryman
1325 2191 1435 2227 Duke

388 2249 601 2297 Stevynson
920 2248 1090 2285 Redman
1327 2250 1417 2286 Hall

389 2309 491 2344 Hare
923 2308 1008 2355 Key
1325 2309 1470 2357 Walley

387 2368 503 2415 Fryer
919 2367 1045 2404 Smith
1061 2367 1226 2415 (regalis)
1324 2368 1464 2416 Oragge

389 2425 494 2473 Ellys

341 2503 518 2540 dominus
536 2503 666 2550 Mayer
683 2506 771 2539 actu
787 2502 1079 2540 bacchalaureus
1095 2504 1134 2540 in
1152 2505 1315 2541 termino
1333 2505 1473 2542 Pasche

178 2607 277 2643 Item
299 2609 346 2642 23
367 2606 391 2642 J
394 2618 474 2642 unu
497 2606 715 2642 conceditur
731 2606 919 2643 Gulielmo
936 2606 1059 2643 Grene
1076 2611 1119 2643 vt
1140 2607 1338 2644 duodecim
1360 2610 1513 2645 termini
1533 2610 1573 2646 in
1589 2610 1729 2658 quibus

271 2666 449 2702 lectiones
489 2665 696 2702 ordinarias
733 2666 882 2702 audiuit
917 2666 1006 2702 licet
1037 2678 1113 2703 non
1146 2667 1298 2703 omnino
1330 2669 1537 2705 secundum
1567 2669 1728 2706 formam

271 2726 407 2762 statuti
432 2738 519 2762 cum
542 2726 842 2773 oppositionibus
866 2729 904 2762 et
928 2726 1235 2774 responsionibus
1263 2728 1456 2775 requisitis
1481 2729 1671 2766 sufficiant
1693 2730 1728 2766 ei

271 2784 319 2821 ad
344 2784 644 2832 respondendum
660 2785 850 2832 questioni

265 2885 277 2906 1
301 2884 413 2918 These
428 2894 549 2918 names
565 2895 622 2918 are
636 2885 773 2918 written
790 2885 826 2918 in
844 2886 910 2919 two
927 2885 1088 2918 columns
1105 2885 1208 2928 along
1224 2886 1284 2920 the
1301 2886 1436 2921 bottom
1452 2887 1491 2921 of
1504 2888 1528 2920 f.
1546 2888 1588 2923 49
1601 2898 1632 2921 a.
