2008 3216
331 168 415 209 190
914 180 1066 211 GRAOE
1098 181 1222 211 BOOK
1238 181 1284 211 -Δ
1661 170 1880 226 [1564-65

330 278 558 315 Conceditur
574 279 636 326 ijdo
650 280 780 316 Martii
797 284 840 316 vt
856 281 936 317 dies
954 281 1059 317 Lune
1075 282 1243 328 proxime
1259 283 1470 329 septimane
1480 294 1556 318 non
1573 283 1624 318 sit
1640 282 1881 330 disputabilis

425 351 499 374 non
524 339 702 375 obstante
717 342 865 376 statuto
882 340 946 376 sed
964 340 1149 376 habeatur
1166 353 1232 388 pro
1249 341 1471 388 disputabili
1494 345 1575 377 tam
1593 341 1640 377 ad
1658 341 1881 388 magistrum

423 410 539 444 quam
555 398 604 434 ad
621 398 785 434 bedellos

329 457 558 493 Conceditur
572 458 703 494 eodem
726 461 768 494 vt
791 459 972 505 magister
996 459 1071 494 Ws.
1097 459 1242 495 Master
1264 459 1403 495 habeat
1425 460 1556 495 literas
1575 458 1713 506 gradus
1734 461 1776 495 et
1795 471 1880 495 con-

424 516 647 552 versationis
663 529 731 552 suc
748 517 965 564 obsignatas
982 518 1103 565 sigillo
1121 523 1246 555 vestro
1263 519 1454 555 communi

329 574 558 610 Conceditur
582 575 711 610 eodem
737 579 780 610 vt
804 575 827 610 J
830 587 862 610 o.
892 575 1077 622 Ratclyffe
1102 576 1154 612 sit
1179 588 1276 611 vnus
1300 576 1601 623 appreciatorum
1625 575 1814 611 academie
1842 578 1882 611 et

424 646 537 680 super
561 633 631 669 hac
656 637 782 670 vestra
804 635 1042 682 concessione
1064 635 1194 671 literas
1215 634 1355 671 habeat
1374 634 1591 681 obsignatas
1613 634 1736 681 sigillo
1756 637 1881 670 vestro

424 704 615 727 communi

330 751 557 787 Conceditur
582 754 626 787 13
647 751 794 798 Aprilis
815 755 858 787 vt
881 752 1061 799 magister
1080 752 1209 799 Bynge
1229 756 1356 788 orator
1377 751 1514 788 habeat
1537 751 1664 787 omnia
1688 751 1882 798 privilegia

422 809 619 845 commoda
643 813 682 845 et
709 810 964 845 emolumenta
990 813 1069 846 tam
1097 810 1222 857 amplo
1249 810 1360 846 modo
1386 822 1500 857 quam
1524 810 1726 857 quisquam
1749 821 1879 845 eorum

422 867 489 914 qui
507 868 545 903 in
564 868 633 903 hoc
649 867 770 903 officio
786 871 1047 914 precesserunt

329 926 557 962 Conceditur
572 926 703 962 eodem
725 929 769 962 vt
791 926 971 973 magister
996 926 1104 962 Edm.
1129 926 1351 973 Bevyngton
1374 926 1514 962 habeat
1532 926 1661 963 literas
1683 926 1820 972 gradus
1841 929 1881 962 et

423 985 717 1021 conversationis
734 996 801 1020 sue
817 983 1033 1031 obsignatas
1050 985 1172 1031 sigillo
1189 985 1380 1021 communi

329 1039 556 1079 Conceditur
580 1046 623 1078 12
643 1043 735 1078 Maii
758 1047 800 1078 vt
823 1054 954 1079 omnes
973 1046 1082 1079 actus
1104 1043 1318 1079 scholastici
1340 1042 1388 1079 ad
1411 1055 1507 1090 quos
1529 1045 1680 1079 tenetur
1701 1043 1881 1089 magister

422 1102 553 1138 doctor
574 1102 662 1138 Colc
687 1102 833 1137 ratione
854 1102 993 1148 gradus
1012 1103 1072 1138 sui
1093 1103 1258 1148 suscepti
1282 1102 1507 1138 differantur
1528 1114 1648 1149 vsque
1671 1101 1720 1138 ad
1737 1105 1760 1138 3
1776 1101 1877 1138 diem

424 1160 649 1196 Novembris
674 1160 832 1207 proximi
856 1160 910 1196 sic
932 1163 975 1196 vt
1000 1164 1132 1207 postea
1156 1161 1260 1196 nulla
1282 1160 1514 1208 dispensatio
1541 1165 1609 1196 aut
1635 1159 1771 1196 dilacio
1792 1172 1877 1196 con-

422 1220 578 1256 cedatur

164 1277 190 1315 f.
212 1276 264 1314 83
284 1276 310 1314 b
330 1279 432 1314 Petit
453 1291 476 1314 a
499 1278 635 1314 vestris
657 1278 880 1314 reuerentiis
902 1278 1127 1314 venerabilis
1153 1278 1212 1314 vir
1234 1279 1413 1325 magister
1433 1278 1565 1315 doctor
1588 1278 1702 1315 Caius
1724 1282 1878 1326 propter

423 1338 528 1373 varia
549 1341 588 1374 et
609 1337 758 1373 diversa
779 1349 848 1373 sua
870 1337 1024 1384 negocia
1045 1342 1084 1372 et
1109 1337 1374 1384 occupationes
1396 1337 1608 1374 absentiam
1630 1337 1680 1374 ab
1701 1338 1877 1374 omnibus

422 1397 495 1433 nisi
512 1398 564 1433 sit
580 1397 793 1444 specialiter
808 1399 848 1432 et
864 1396 1091 1432 nominatim
1107 1399 1285 1432 evocatus
1302 1408 1325 1432 a
1341 1396 1631 1443 procancellario

328 1457 472 1493 Eadem
496 1457 619 1503 gratia
643 1455 861 1492 conceditur
887 1458 931 1491 12
956 1455 978 1491 J
982 1455 1063 1491 unii
1089 1455 1270 1502 magistro
1296 1456 1390 1491 Fam
1415 1459 1570 1503 propter
1591 1467 1743 1502 gravem
1768 1467 1876 1492 suam

422 1518 657 1552 senectutem

327 1574 555 1611 Conceditur
574 1577 617 1610 15
634 1573 658 1609 J
662 1572 741 1609 unii
758 1575 801 1608 vt
821 1573 991 1620 magistri
1015 1572 1161 1609 Ovinus
1184 1573 1299 1610 Owen
1321 1578 1360 1609 et
1386 1573 1531 1610 Ovinus
1556 1573 1706 1610 Ducket
1727 1585 1876 1620 presen-

421 1637 552 1670 tentur
575 1632 727 1669 domino
753 1632 877 1668 North
904 1635 947 1668 vt
975 1643 1073 1668 vnus
1099 1643 1229 1668 eorum
1256 1635 1523 1679 promoveatur
1551 1632 1599 1669 ad
1626 1632 1804 1669 vicariam
1829 1633 1876 1669 de

422 1692 582 1729 Burwell

328 1752 440 1788 Mem.
459 1751 560 1797 quod
579 1753 622 1787 15
639 1749 746 1786 Junii
768 1749 944 1786 dominus
967 1749 1279 1796 procancellarius
1301 1760 1347 1785 ex
1369 1761 1526 1785 assensu
1550 1749 1816 1796 magistrorum
1836 1753 1875 1786 et

422 1809 613 1857 presidum
638 1808 876 1855 collegiorum
901 1808 1009 1844 lectis
1035 1820 1102 1855 per
1124 1809 1308 1844 seniorem
1333 1811 1613 1855 procuratorem
1634 1820 1746 1856 super
1767 1820 1812 1845 ea
1835 1821 1875 1845 re

421 1868 579 1905 statutis
610 1867 873 1915 pronuntiavit
895 1870 935 1903 et
959 1866 1165 1903 declaravit
1196 1879 1325 1903 omnes
1355 1867 1555 1914 magistros
1586 1867 1828 1914 inauguratos
1852 1880 1875 1904 a

420 1928 591 1976 proxima
615 1927 732 1974 Regia
756 1926 973 1963 visitatione
994 1930 1033 1963 et
1055 1926 1275 1963 excedentes
1292 1927 1449 1962 tertium
1466 1926 1631 1973 regentie
1647 1938 1714 1963 sue
1731 1938 1873 1963 annum

419 1999 500 2024 esse
516 1998 591 2023 non
609 1989 779 2033 regentes

324 2046 552 2084 Conceditur
575 2050 598 2082 4
622 2045 717 2082 Julii
748 2048 788 2082 vt
816 2045 1003 2082 terminus
1032 2045 1212 2082 hodierno
1238 2045 1300 2082 die
1328 2045 1557 2082 dissolvatur
1589 2057 1664 2081 non
1698 2044 1874 2082 obstante

418 2109 564 2143 statuto

650 2430 898 2473 Praeticans
929 2429 974 2471 in
1007 2426 1225 2471 medicina
1255 2432 1301 2469 et
1331 2425 1552 2482 chirurgia

322 2553 551 2590 Conceditur
575 2555 595 2590 7
618 2552 639 2589 J
647 2551 712 2588 ulii
743 2553 833 2588 1564
859 2551 965 2587 Isaac
989 2550 1119 2586 Barow
1144 2549 1181 2585 in
1203 2548 1351 2585 artibus
1372 2548 1552 2595 magistro
1578 2551 1619 2584 vt
1641 2547 1810 2585 studium
1834 2548 1868 2596 vj

416 2625 599 2650 annorum
619 2613 656 2649 in
676 2611 862 2649 medicina
878 2610 1041 2647 sufficiat
1057 2610 1091 2646 ei
1109 2609 1156 2646 ad
1176 2608 1459 2657 practicandum
1484 2608 1520 2644 in
1544 2607 1675 2645 eadem
1697 2610 1737 2644 et
1759 2619 1872 2656 super

417 2672 485 2709 hac
503 2677 629 2708 vestra
644 2671 882 2708 concessione
899 2670 1027 2707 literas
1045 2669 1182 2706 habeat
1199 2669 1382 2716 sigillatas
1404 2668 1524 2715 sigillo
1547 2667 1737 2704 communi
1787 2668 1871 2704 Pre-

417 2736 591 2768 sentatuu
609 2742 675 2778 per
690 2730 874 2767 seniorem
893 2732 1172 2778 procuratorem
