2008 3216
153 155 372 212 1566-6’7]
738 164 890 197 emor:
919 165 1046 197 Boon
1076 164 1107 196 Δ
1619 151 1702 193 207

245 269 368 317 gratia
384 269 601 306 conceditur
617 268 749 305 eodem
770 268 1059 316 procancellario
1080 267 1232 304 doctore
1255 267 1390 304 Stokes
1414 266 1555 302 Robert
1575 266 1706 302 Tower

247 331 287 365 et
316 328 425 365 Edm.
458 328 627 375 Rokerey
655 328 695 364 in
727 327 875 363 artibus
907 327 1098 374 magistris
1158 326 1299 363 Eadem
1333 326 1454 372 gratia
1487 324 1706 361 conceditur

250 389 293 422 15
312 385 537 422 Novembris
556 385 844 432 procancellario
866 385 1052 432 magistro
1066 384 1218 420 doctore
1241 384 1452 419 Beaumont
1475 382 1705 430 [procancel-

247 445 340 481 lario
357 444 422 493 sic]
446 444 629 480 Nicholao
653 443 822 491 Shepard
845 443 869 479 J
872 455 903 481 0.
930 443 1114 490 Daubney
1133 443 1173 479 in
1198 442 1344 478 artibus
1369 442 1560 489 magistris
1582 445 1622 477 et
1642 441 1706 477 W⁰

243 500 465 546 Chaderton
483 512 587 536 sacre
605 499 789 546 theologie
806 498 1052 536 bachalaureo
1068 502 1108 535 et
1124 498 1187 546 xiij
1208 497 1425 534 Decembris
1442 498 1505 533 W⁰
1524 497 1650 532 Power
1666 500 1706 534 et

248 559 316 596 Ed.
335 555 523 606 'Hausbye
546 559 585 595 in
610 558 757 595 artibus
782 558 974 606 magistris
997 561 1037 595 et
1064 558 1141 606 xiiij
1166 557 1341 594 «Ianuarii
1369 556 1491 593 David
1514 556 1633 592 Powel
1666 559 1707 592 et

248 622 292 655 31
323 619 414 655 Maii
441 619 590 655 Olivero
607 618 739 655 Carter
755 619 794 654 in
812 618 960 654 artibus
977 618 1168 665 magistris
1183 621 1224 654 et
1246 620 1285 653 2⁰
1300 617 1324 653 J
1328 617 1394 653 ulii
1418 615 1707 664 procancellario

247 679 425 725 magistro
441 678 592 715 doctore
611 678 730 714 Kelke
750 677 931 725 magistro
946 677 1090 714 doctori
1108 677 1200 714 Tho.
1219 676 1383 724 Spencer
1399 687 1503 712 sacre
1521 674 1707 722 theologie

247 737 446 784 professori

157 795 384 831 Conceditur
401 801 465 830 xv⁰
482 793 708 830 Novembris
731 797 773 830 vt
796 793 966 841 magistri
988 793 1160 830 doctores
1181 793 1350 830 Hatcher
1371 797 1410 829 et
1435 793 1510 830 Car
1534 792 1706 840 magistri

249 854 374 890 Fuller
392 854 463 890 Par
479 857 518 890 et
534 854 731 901 Chapman
747 853 832 890 aule
848 853 957 890 Clare
973 853 1052 890 sint
1069 853 1211 889 iudices
1226 852 1387 899 delegati
1401 853 1440 888 in
1454 864 1568 888 causa
1581 851 1706 899 appel-

247 912 401 948 lationis
418 912 588 959 magistri
606 912 783 948 Curtesse
795 915 834 948 et
848 912 940 949 Tho.
957 911 1202 958 Longeworth
1216 911 1270 948 sic
1283 915 1325 947 vt
1339 911 1464 948 ferant
1477 911 1707 947 sententiam

250 971 349 1008 infra
364 970 414 1018 xij
434 971 514 1007 dies
536 971 704 1018 proxime
726 973 927 1018 sequentes
949 970 1050 1018 quod
1073 971 1105 1007 si
1129 982 1259 1006 omnes
1281 982 1411 1006 eorum
1434 970 1534 1006 infra
1557 974 1709 1017 tempus

247 1029 460 1077 predictum
477 1032 516 1065 et
531 1028 580 1065 ad
599 1029 713 1065 finem
736 1028 949 1076 predictum
970 1029 1165 1066 commode
1184 1029 1365 1066 interesse
1382 1041 1458 1066 non
1475 1029 1624 1076 possint
1641 1034 1708 1064 aut

249 1089 372 1125 nolint
400 1092 492 1125 tunc
520 1093 684 1136 quatuor
711 1091 780 1124 aut
808 1092 886 1124 tres
910 1100 955 1124 ex
980 1088 1073 1135 ipsis
1097 1092 1224 1125 vestra
1248 1089 1482 1125 authoritate
1511 1087 1708 1136 procedere

249 1148 396 1196 possint
420 1148 460 1183 in
485 1159 599 1184 causa
623 1146 792 1194 predicta
819 1150 858 1183 et
887 1159 970 1183 eam
999 1146 1128 1183 debito
1157 1148 1231 1183 fine
1257 1147 1460 1183 terminare
1489 1150 1579 1183 ante
1606 1146 1708 1182 diem

251 1205 462 1253 predictum

156 1264 383 1302 Conceditur
399 1266 445 1299 28
463 1263 689 1300 Novembris
702 1266 744 1300 vt
760 1264 931 1310 magistri
946 1263 1196 1311 Whyghtgyft
1214 1264 1436 1312 Doryngton
1452 1264 1559 1311 Byng
1571 1262 1708 1299 Welles

249 1326 289 1358 et
307 1322 429 1357 Harte
445 1321 524 1357 sint
542 1321 683 1357 iudices
699 1321 859 1368 delegati
877 1322 917 1358 in
933 1333 1047 1358 causa
1063 1322 1328 1369 appellationis
1344 1322 1515 1369 magistri
1533 1322 1708 1358 Curtesse

250 1383 290 1417 et
306 1380 399 1417 Tho.
415 1368 661 1427 Ldngeworth
674 1380 727 1416 sic
742 1385 784 1416 vt
796 1380 835 1416 id
848 1383 974 1416 vestra
986 1381 1214 1417 auctoritate
1228 1384 1354 1418 ratum
1368 1381 1421 1417 sit
1433 1380 1534 1428 quod
1546 1384 1710 1428 quatuor

251 1450 381 1476 eorum
397 1438 631 1476 decreverint
647 1439 746 1475 infra
762 1442 847 1475 octo
862 1438 944 1475 dies
960 1439 1128 1486 proxime
1145 1442 1345 1487 sequentes

157 1497 384 1535 Conceditur
411 1500 455 1534 13
481 1497 699 1534 Decembris
723 1501 762 1534 et
787 1500 809 1534 2
834 1497 858 1534 J
861 1498 928 1534 ulii
954 1501 997 1534 vt
1021 1498 1209 1535 terminus
1233 1498 1345 1535 bodie
1371 1498 1604 1535 dissolvatur
1634 1510 1709 1534 non

252 1556 428 1594 obstante
453 1560 601 1594 statuto

157 1616 386 1653 Conceditur
405 1615 467 1664 ij‘10
490 1616 683 1653 Februarii
707 1619 750 1652 vt
768 1616 843 1653 duo
863 1628 1054 1653 sermones
1078 1629 1174 1654 vnus
1198 1617 1246 1653 ad
1271 1617 1453 1664 populum
1477 1619 1517 1653 et
1540 1617 1637 1654 alter
1661 1616 1710 1653 ad

251 1675 392 1712 clerum
409 1675 598 1712 sufficiant
614 1675 796 1722 magistro
811 1674 956 1711 doctori
978 1676 1106 1712 Rushe
1126 1688 1194 1723 pro
1212 1676 1331 1723 gradu
1353 1680 1529 1723 suscepto
1549 1676 1639 1723 quia
1660 1675 1710 1711 ad

255 1734 355 1781 regie
376 1735 589 1771 maiestatis
612 1735 771 1771 missum
788 1739 828 1771 et
845 1734 1068 1771 mandatum
1086 1736 1219 1772 statim
1237 1735 1489 1783 proficiendus
1506 1736 1569 1772 ille
1585 1739 1644 1772 est
1660 1735 1709 1772 ad

253 1795 525 1831 transmarinas
545 1797 672 1842 partes
694 1799 733 1832 et
755 1798 901 1831 exteras
924 1795 1096 1831 nationes
1141 1796 1195 1831 sic
1219 1798 1261 1832 vt
1284 1796 1526 1832 concionetur
1547 1801 1711 1842 quatuor

252 1865 442 1890 sermones
466 1853 515 1890 ad
539 1853 721 1900 populum

160 1911 389 1948 Conceditur
404 1911 534 1949 eodem
552 1915 595 1949 vt
610 1912 692 1949 dies
710 1912 815 1948 Lune
837 1916 877 1948 et
900 1912 1037 1948 Martis
1060 1913 1099 1949 in
1123 1913 1350 1950 hebdomida
1372 1914 1610 1961 carnisprivii
1631 1914 1710 1949 sint

253 1983 328 2007 non
348 1971 598 2019 disputabiles
618 1983 693 2008 non
716 1971 892 2007 obstante
915 1973 1063 2007 statuto
1088 1971 1142 2008 ita
1167 1975 1295 2008 tamen
1321 1972 1422 2019 quod
1448 1984 1516 2020 pro
1539 1972 1709 2019 disputa-

251 2024 392 2067 bilibus
408 2030 620 2068 habeantur
635 2034 716 2068 tam
732 2030 782 2067 ad
800 2031 1001 2078 magistros
1017 2042 1133 2078 quam
1150 2030 1199 2067 ad
1216 2030 1381 2067 bedellos

159 2088 387 2126 Conceditur
418 2091 461 2125 14
491 2089 621 2125 Martii
652 2089 832 2136 magistro
860 2088 1027 2125 Johanni
1054 2089 1271 2137 Redmayne
1296 2090 1440 2126 bedello
1465 2094 1508 2127 vt
1532 2091 1584 2127 sit
1614 2103 1710 2128 vnus

253 2147 555 2195 appreciatorum
578 2147 767 2184 academie
789 2148 870 2184 vice
891 2148 914 2184 J
918 2148 1079 2184 ohannis
1102 2148 1287 2196 Ratclyffe
1303 2153 1342 2185 et
1358 2162 1472 2197 super
1494 2151 1564 2187 hac
1583 2154 1710 2188 vestra

254 2205 492 2242 concessione
509 2206 641 2242 literas
657 2206 797 2242 habeat
812 2205 1028 2252 obsignatas
1045 2206 1168 2254 sigillo
1186 2210 1311 2243 vestro
1327 2209 1519 2245 communi

159 2264 303 2301 Eadem
319 2265 440 2311 gratia
456 2265 675 2302 conceditur
690 2264 752 2312 ij0¹⁰
769 2265 861 2301 Maii
879 2265 902 2301 J
904 2277 936 2301 o.
956 2265 1198 2302 Edmoundes
1214 2266 1295 2302 vice
1314 2267 1464 2304 Ricardi
1482 2268 1518 2303 N
1521 2268 1590 2304 oke

160 2323 388 2361 Conceditur
410 2326 453 2359 31
479 2322 572 2358 Maii
597 2326 638 2358 vt
664 2322 796 2359 doctor
819 2322 1060 2370 Whightgyft
1082 2327 1209 2360 vestra
1230 2325 1456 2362 auctoritate
1480 2326 1709 2364 Lecestriatn
1729 2327 1754 2366 f.
1779 2328 1826 2366 91
1849 2342 1873 2365 a

254 2381 432 2418 mittatur
453 2385 498 2417 ut
520 2380 572 2417 ibi
593 2380 768 2417 scandalo
794 2386 966 2417 occurrat
988 2393 1054 2428 per
1076 2382 1346 2429 predicatorem
1370 2388 1539 2421 vestrum
1559 2385 1650 2422 dato
1671 2390 1712 2422 et

253 2440 430 2476 comitem
454 2451 583 2476 secum
605 2439 744 2476 habeat
766 2451 880 2488 quem
903 2439 976 2476 sibi
998 2440 1145 2487 eligerit
1166 2441 1221 2477 sic
1241 2444 1284 2478 vt
1303 2453 1434 2478 omnes
1456 2454 1616 2491 expense
1636 2445 1711 2481 illis

254 2499 462 2535 allocentur
488 2511 556 2546 per
578 2498 775 2535 dominum
801 2498 1133 2545 procancellarium
1159 2499 1351 2536 doctorem
1372 2501 1493 2538 Kelke
1515 2506 1554 2538 et
1576 2504 1711 2550 magis-

257 2561 362 2594 trum
387 2557 635 2605 Longeworth

162 2616 390 2654 Conceditur
412 2615 544 2652 eodem
569 2615 749 2662 magistro
774 2614 1010 2651 Claribachio
1037 2619 1079 2651 vt
1105 2615 1243 2652 habeat
1270 2616 1400 2653 literas
1424 2618 1563 2664 gradus
1587 2621 1646 2656 sui
1671 2624 1712 2657 et

256 2674 551 2711 conversationis
575 2673 849 2710 testimoniales
873 2674 994 2720 sigillo
1019 2677 1144 2710 vestro
1168 2676 1360 2711 communi
1385 2676 1600 2724 obsignatas

162 2733 389 2770 Conceditur
416 2734 495 2780 xvj⁰
523 2734 546 2770 J
550 2734 631 2770 unii
656 2737 698 2770 vt
723 2733 902 2769 hodierna
926 2732 1135 2780 disputatio
1159 2734 1374 2770 intermissa
1398 2739 1553 2782 propter
1582 2739 1711 2784 gravia¹

253 2792 442 2829 academie
464 2792 616 2839 negocia
636 2796 833 2828 censeatur
855 2804 923 2839 pro
945 2792 1075 2828 habita
1094 2793 1219 2839 quoad
1241 2794 1466 2840 magistrum
1491 2796 1556 2842 qui
1581 2797 1711 2844 dispu-

256 2854 356 2887 taret
373 2853 414 2887 et
429 2850 595 2887 bedellos
