2008 3216
128 181 347 238 1567-68]
715 191 865 224 emon
896 190 1021 222 Boon
1051 190 1080 221 Δ
1588 179 1672 221 209

729 848 1056 905 [1567—1568]

125 981 273 1023 Gratie
314 982 405 1024 sive
445 981 681 1039 petitiones
721 995 919 1024 concesse
955 981 1002 1023 in
1037 981 1168 1039 plena
1208 981 1542 1038 congregatione
1585 981 1670 1023 Re·

238 1051 439 1108 gentium
482 1057 528 1094 et
578 1066 664 1094 non
708 1050 977 1108 Regentium
1015 1065 1044 1093 a
1084 1051 1194 1093 festo
1241 1050 1396 1093 Sancti
1442 1050 1671 1093 Michaelis

239 1120 505 1178 Archangeli
561 1120 691 1163 Anno
746 1119 927 1162 Domini
980 1118 1113 1163 15670
1156 1134 1292 1177 vsque
1339 1119 1456 1162 idem
1510 1120 1669 1163 festum

239 1196 344 1233 tunc
379 1190 574 1247 proxime
614 1205 799 1247 sequens
840 1189 1026 1232 Ricardo
1068 1189 1355 1247 Longeworth
1392 1204 1510 1232 sacre
1546 1189 1669 1233 theo-

238 1260 350 1318 logie
386 1262 620 1317 professore
658 1267 763 1304 tunc
799 1260 1134 1317 procancellario
1166 1259 1436 1304 Christoforo
1467 1259 1670 1318 Lyndley

237 1336 283 1374 et
313 1330 515 1374 Johanne
546 1331 772 1388 Dawbney
801 1330 1154 1388 procuratoribus

75 1469 86 1479 ⁵
120 1470 345 1507 Conceditur
367 1473 430 1506 24⁰
452 1469 625 1507 Octobris
647 1473 690 1506 vt
714 1482 844 1506 omnes
867 1470 987 1517 gratie
1011 1469 1246 1506 admittendo
1270 1481 1338 1517 per
1361 1469 1559 1506 dominum
1585 1481 1668 1516 pro-

215 1529 477 1565 cancellarium
496 1529 676 1566 Doctores
689 1529 924 1576 Wigbtgyfte
938 1529 1070 1576 Harvy
1083 1533 1122 1565 et
1138 1529 1288 1576 Lorkyn
1302 1528 1502 1575 magistros
1515 1529 1672 1575 Younge

215 1591 253 1625 et
265 1588 398 1624 Clarke
410 1589 548 1635 (Clare)
568 1589 716 1635 possint
729 1600 948 1624 concurrere
961 1588 1001 1624 in
1014 1591 1177 1636 quatuor
1187 1586 1536 1634 congregationibus
1557 1586 1672 1623 huius

214 1647 305 1683 anni
322 1647 375 1683 sic
393 1650 434 1683 vt
450 1659 580 1683 omnes
595 1648 835 1684 consentiant

734 1912 1045 1965 Questionistae

120 2049 344 2086 Conceditur
361 2051 423 2085 23⁰
439 2048 611 2084 Januarii
634 2047 702 2084 Ed.
726 2048 935 2095 Archepole
956 2051 999 2085 vt
1025 2052 1068 2085 12
1090 2049 1244 2085 termini
1267 2049 1307 2085 in
1326 2049 1466 2096 quibus
1488 2050 1668 2086 lectiones

214 2108 420 2145 ordinarias
441 2107 588 2143 audivit
613 2107 700 2143 licet
724 2119 799 2143 non
825 2108 978 2144 omnino
1002 2108 1208 2145 secundum
1234 2109 1395 2144 fonnem
1417 2109 1555 2145 statuti
1580 2122 1668 2146 cum

213 2165 512 2214 oppositionibus
527 2166 833 2213 responsionibus
849 2170 889 2203 et
905 2167 990 2203 aliis
1008 2168 1196 2204 exercitiis
1216 2180 1283 2215 per
1305 2171 1453 2205 statuta
1474 2169 1667 2216 requisitis

214 2227 402 2263 sufficiant
417 2226 452 2261 ei
469 2225 518 2261 ad
534 2225 837 2272 respondendum
853 2227 1043 2273 questioni

122 2286 262 2323 Eadem
283 2285 404 2332 gratia
425 2284 643 2320 conceditur
664 2284 794 2320 eodem
818 2285 986 2332 Edwyno
1010 2285 1155 2323 Howell
1179 2287 1383 2323 Laurentio
1401 2287 1583 2324 Newman
1605 2288 1664 2325 J0.

214 2344 379 2390 Dighton
407 2343 580 2379 Michaeli
605 2343 754 2389 Wright
781 2343 841 2378 W⁰
864 2343 1031 2380 Praunce
1053 2345 1111 2381 Jo.
1136 2345 1277 2392 Sorbye
1301 2346 1404 2382 Josie
1429 2346 1531 2393 Byrd
1555 2346 1662 2383 Edm.

216 2403 371 2438 Barwell
388 2402 478 2438 Tho.
498 2402 660 2448 Egerton
679 2402 862 2438 Nicholao
880 2403 1072 2450 Whalleys
1094 2404 1186 2442 Tho.
1205 2405 1295 2440 Scot
1316 2405 1380 2440 W⁰
1401 2405 1544 2441 Greeke
1565 2406 1663 2441 Hen.

214 2462 362 2498 Bankes
377 2461 400 2497 J
404 2473 434 2496 o.
457 2461 675 2508 Parkynson
692 2461 783 2497 Tho.
803 2461 929 2498 Goche
946 2462 1037 2499 Tho.
1058 2463 1186 2500 Crowe
1203 2464 1266 2500 W⁰
1283 2464 1445 2512 Bradley
1464 2464 1555 2502 Rob.
1569 2466 1593 2501 J
1596 2477 1665 2512 oye

213 2521 276 2556 W⁰
291 2520 447 2567 Bentley
459 2520 521 2555 W⁰
534 2520 668 2555 Olarke
683 2520 777 2557 Heu.
793 2521 911 2556 Pecke
925 2521 1016 2557 Rob.
1030 2522 1201 2570 Wytfyld
1215 2524 1314 2570 Hug.
1330 2524 1464 2560 Hewes
1477 2524 1664 2560 Germano

214 2580 341 2615 Ireton
367 2579 390 2614 J
393 2591 424 2614 o.
451 2578 629 2625 Wylboro
654 2578 760 2614 Geor.
788 2579 886 2626 Styll
912 2580 1008 2616 Hen.
1035 2580 1194 2628 Aldridg
1218 2582 1282 2618 W⁰
1306 2582 1489 2630 Campion
1516 2583 1664 2619 Danieli

215 2639 376 2685 Munsay
402 2638 464 2673 W⁰
491 2637 614 2674 Reade
639 2638 730 2674 Tho.
758 2638 1036 2675 Goldisborowe
1066 2640 1238 2677 Barnabe
1267 2641 1436 2689 Shepard
1501 2643 1553 2678 Et
1577 2655 1664 2679 cum

216 2700 257 2732 11
288 2697 461 2732 terminis
490 2708 575 2732 cum
605 2697 768 2732 termino
797 2697 837 2733 in
866 2709 942 2743 quo
971 2697 1039 2733 Ed.
1072 2698 1210 2734 Maude
1243 2699 1350 2735 Edm.
1383 2699 1546 2736 Sothebe
1571 2701 1663 2736 Tho.

213 2756 359 2792 Bennet
384 2756 450 2792 Ed.
479 2755 600 2802 Alvey
627 2756 722 2791 Hen.
750 2756 978 2792 Grenewood
1003 2757 1071 2792 Tie
1096 2757 1228 2793 Meade
1255 2757 1345 2794 Rob.
1373 2758 1532 2806 Smythe

119 2815 260 2850 Eadem
282 2815 403 2860 gratia
424 2814 640 2850 conceditur
661 2817 723 2850 30Ο
747 2814 770 2849 J
773 2814 919 2850 anuarii
943 2826 1028 2850 cum
1051 2817 1094 2850 12
1119 2816 1292 2852 terminis
1316 2816 1408 2853 Rob.
1430 2817 1590 2865 Cropley
1607 2819 1664 2854 Ri.

212 2873 392 2908 Willobee
415 2872 580 2908 Timoth.
603 2872 736 2918 Bright
758 2871 921 2908 Jeremie
945 2872 1059 2920 Kydd
1078 2872 1136 2908 Jo.
1163 2873 1293 2910 James
1315 2874 1416 2910 Jaco.
1442 2874 1582 2923 Carlyll
1604 2877 1668 2912 W⁰

226 2956 258 2982 L.
282 2956 334 2982 iv.
1509 2948 1558 2987 14

1690 852 1836 890 f.91b
