2008 3216
178 192 396 250 1566-67]
764 204 916 237 (mom
946 204 1070 236 BOOK
1100 205 1131 236 Δ
1638 192 1722 233 203

175 305 317 342 Eadem
345 306 467 353 gratia
482 306 700 344 conceditur
716 309 759 343 21
780 306 911 343 Martii
927 305 1048 342 Abelo
1064 305 1202 352 Smyth
1218 304 1240 340 J
1244 316 1276 340 o.
1296 304 1486 340 Laurence
1503 302 1571 338 Ed.
1590 301 1725 348 Nynge

175 364 318 401 Eadem
334 365 455 411 gratia
466 366 684 403 conceditur
693 366 753 402 xvi
752 366 787 414 j⁰
798 365 942 414 Aprilis
953 365 1112 401 Ricardo
1126 363 1337 411 Reynoldes
1350 362 1442 398 Rob.
1457 362 1480 397 J
1483 373 1552 409 aye
1566 360 1724 407 Degorio

269 423 307 459 N
309 423 401 460 icols
433 424 530 461 Heu.
562 425 708 472 Drurye
740 425 832 460 Tho.
867 424 995 460 Moore
1028 422 1120 459 Rob.
1154 421 1326 458 Thacker
1357 421 1382 457 J
1383 432 1415 456 o.
1451 420 1608 467 Depupe
1673 419 1724 454 Et

270 481 333 528 ijo„
357 482 449 519 Maii
477 482 512 520 d.
543 483 601 521 W.
628 483 781 519 Marche
806 483 883 519 Ric.
911 481 1101 518 Grenham
1132 480 1242 516 Nich.
1268 478 1447 516 Thornell
1511 479 1563 514 Et
1590 478 1723 514 vltimo

270 540 363 577 Maii
379 541 415 578 d.
434 541 543 580 Edm.
566 542 729 579 Hounde
747 542 805 579 Jo.
829 542 969 589 Rogers
993 540 1084 577 Rob.
1110 540 1260 587 Wyllan
1285 539 1444 575 Ricardo
1467 538 1604 586 Smyth
1628 537 1720 573 Rob.

271 599 403 636 Messe
421 600 499 636 Pet.
519 601 650 638 Shawe
667 601 758 638 Tho.
780 602 933 637 Procter

176 657 318 694 Eadem
334 659 456 705 gratia
472 659 690 696 conceditur
707 662 751 696 16
767 660 791 696 J
794 660 874 696 unii
895 659 931 698 d.
952 659 1043 695 Tho.
1064 658 1284 705 Laughorne
1310 657 1438 693 Franc.
1457 656 1660 704 Wyseman
1684 659 1723 691 et

270 718 358 765 xxiij
376 718 400 754 J
402 719 482 755 unii
498 719 532 756 d.
552 719 735 756 Nicholao
751 719 903 756 Welche

176 775 402 814 Conceditur
418 778 512 825 xvij⁰
527 778 698 814 Januarii
714 778 868 814 domino
884 778 908 814 J
910 789 942 815 o.
963 777 1097 813 Wclles
1117 776 1307 824 quondam
1327 776 1428 812 socio
1449 775 1592 822 collegii
1617 775 1721 822 Regii
1739 773 1768 813 f.
1791 773 1842 811 89
1862 786 1886 812 a

270 839 313 873 vt
335 840 357 873 9
379 837 532 874 termini
553 841 640 885 post
659 838 810 874 finalem
833 838 915 874 eius
936 837 1290 874 determinationem
1315 836 1354 871 in
1379 835 1519 882 quibus
1543 834 1723 870 lectiones

270 895 477 932 ordinarias
500 896 648 933 audiuit
674 897 763 933 licet
786 908 861 932 non
884 896 1038 932 omnino
1061 895 1268 931 secundum
1291 894 1452 931 formam
1475 893 1613 930 statuti
1635 905 1721 929 cum

269 956 568 1002 oppositionibus
589 955 896 1004 responsionibus
912 959 952 991 et
968 955 1053 991 aliis
1069 954 1256 991 exercitiis
1274 966 1340 1001 per
1356 957 1504 989 statuta
1526 952 1718 999 requisitis

270 1013 459 1050 sufficiant
478 1014 511 1050 ci
532 1014 580 1050 ad
601 1014 856 1062 incipiendum
880 1014 920 1050 in
942 1013 1090 1050 artibus
1111 1013 1165 1049 sic
1188 1017 1230 1049 vt
1252 1013 1333 1048 eius
1355 1012 1535 1048 admissio
1556 1015 1634 1048 stet
1656 1024 1723 1059 pro

267 1073 462 1120 completis
478 1072 596 1120 gradu
612 1076 652 1110 et
668 1074 788 1110 forma
804 1073 985 1120 quoniam
1001 1072 1082 1109 sine
1099 1084 1235 1119 magno
1255 1084 1325 1108 suo
1346 1071 1546 1119 dispendio
1569 1076 1723 1119 tempus

270 1133 508 1169 comitiorum
525 1137 721 1180 expectare
737 1145 812 1169 non
830 1135 957 1180 potest
972 1133 1028 1168 ita
1044 1136 1172 1168 tamen
1190 1135 1232 1168 vt
1248 1132 1468 1168 convivetur

177 1189 317 1227 Eadem
334 1191 454 1238 gratia
470 1191 687 1228 conceditur
703 1192 796 1239 xvij⁰
815 1192 956 1240 Aprilis
972 1192 1006 1228 d.
1027 1192 1119 1228 Tho.
1139 1190 1291 1239 Pyndar

176 1249 404 1286 Conceditur
418 1249 510 1297 xvjw
525 1250 549 1286 J
554 1251 632 1287 unii
650 1250 803 1286 domino
820 1250 889 1286 Ed.
908 1250 1093 1297 Seymour
1110 1252 1151 1285 vt
1168 1248 1340 1285 studium
1357 1252 1522 1295 quatuor
1537 1260 1723 1284 annorum

270 1309 310 1345 in
335 1309 405 1346 hac
429 1309 620 1346 academia
644 1310 684 1346 in
708 1309 915 1346 dialecticis
938 1309 1207 1357 philosophicis
1229 1309 1348 1355 grecis
1373 1308 1578 1356 latinisque
1604 1308 1725 1345 literis

269 1368 431 1405 sufficiat
447 1369 481 1405 ei
498 1369 545 1406 ad
560 1369 815 1418 incipiendum
829 1370 868 1405 in
881 1368 1029 1405 artibus
1042 1369 1097 1405 ita
1110 1373 1238 1404 tamen
1252 1371 1295 1404 vt
1307 1367 1479 1415 disputet
1492 1368 1531 1404 in
1545 1368 1724 1414 proximis

269 1427 432 1463 comitiis
463 1428 685 1465 convivetur
712 1432 752 1464 et
780 1428 1010 1464 admittatur
1033 1428 1082 1464 ad
1107 1428 1290 1476 placitum
1314 1431 1354 1464 et
1379 1439 1454 1464 non
1481 1431 1649 1464 arctetur
1673 1427 1722 1464 ad

271 1485 502 1523 visitandum

176 1544 261 1581 Vna
277 1557 363 1582 cum
381 1546 454 1582 hiis
471 1546 693 1594 inceperunt
705 1546 751 1583 de
764 1547 918 1594 collegio
933 1548 1048 1594 Regio
1060 1546 1200 1595 quibus
1213 1546 1316 1583 nulla
1329 1546 1451 1593 gratia
1464 1547 1585 1593 petita
1602 1558 1724 1593 neque

270 1603 501 1651 dispensatio
529 1617 705 1642 concessa
733 1605 768 1643 d.
799 1606 856 1643 W.
889 1606 1069 1642 Hannam
1102 1606 1200 1653 Hug.
1234 1605 1373 1653 Blythe
1402 1605 1534 1641 Franc.
1563 1605 1723 1653 Howlyn

270 1662 362 1700 Tho.
381 1663 532 1699 Welche
549 1666 589 1699 et
607 1663 813 1700 Nicholaus
829 1664 1024 1711 Colpottes

175 1721 329 1768 (Welles
347 1721 498 1770 Pyndar
513 1722 712 1759 actualiter
728 1723 856 1769 magri.
872 1725 1006 1771 τηατ-9.)

735 1919 855 1962 Ordo
886 1919 1168 1964 Senioritatis

207 2066 393 2104 Dominus
410 2066 477 2104 Ed.
497 2067 680 2115 Seymour
786 2067 925 2116 Blythe
1213 2069 1354 2106 Hound

215 2120 217 2122 ’
411 2125 613 2174 Wyseman
788 2128 882 2164 Yale
1215 2129 1377 2177 Howlyn

410 2185 582 2223 Thacker
788 2187 1047 2235 Washyngton
1210 2188 1302 2226 Tho.
1322 2188 1473 2226 Welche
1490 2189 1612 2236 (Reg.)

410 2243 548 2280 Warde
789 2245 940 2281 Marshe
1214 2246 1313 2283 Sone

411 2302 623 2350 Syclemore
787 2304 994 2341 Lawhorne
1211 2305 1356 2342 Barbar

412 2360 558 2398 Fenton
786 2363 989 2399 Hartewell
1213 2364 1321 2412 Kaye

410 2420 541 2456 Shawe
787 2422 944 2470 Depupe
1212 2423 1354 2459 Leeche

412 2479 559 2527 Kempe
785 2480 972 2517 Chalenor
1212 2481 1407 2529 Oolpottes

412 2537 526 2574 Leese
787 2539 964 2576 Thornell
1210 2541 1361 2588 Wyllan

414 2596 605 2633 Grenham
787 2598 929 2635 Faucet
1214 2600 1359 2647 Maplet

411 2657 621 2704 Reynoldes
788 2658 928 2706 Nycols
1005 2668 1011 2671 ·
1211 2659 1283 2695 Ab.
1302 2659 1439 2707 Smyth
1457 2660 1548 2706 (Jo.)

412 2715 537 2763 Byllet
790 2716 846 2752 Ri.
866 2716 1002 2764 Smyth
1021 2717 1128 2763 (Tri.)
1212 2717 1308 2765 Jaye

413 2773 548 2821 Nynge
783 2773 807 2809 J
810 2785 858 2820 oy
1213 2775 1402 2812 Laurence

411 2831 541 2867 Moore
787 2832 942 2868 Proctor
1213 2834 1249 2870 N
1252 2834 1322 2870 ich.
1342 2834 1494 2870 Welche
1511 2834 1642 2881 (Mag.)

410 2890 589 2927 Hanham
710 2909 712 2911 ·
788 2891 936 2938 Drurye
1214 2892 1354 2939 Rogers
