2008 3216
165 167 386 223 1558-59]
749 175 900 208 cason:
931 175 1056 207 Βοοκ
1088 175 1117 206 Δ
1634 164 1714 206 131

165 279 263 316 Item
287 279 504 317 conceditur
523 279 655 317 eodem
680 282 722 316 vt
746 277 912 326 sigillum
933 276 1044 314 officii
1069 275 1279 314 cancellarii
1303 278 1342 312 et
1364 276 1487 312 claves
1510 276 1721 312 communis

257 339 350 375 ciste
374 339 521 386 possint
544 338 700 386 sigillari
727 337 860 385 sigillis
884 336 1152 383 magistrorum
1177 335 1372 383 Alyngton
1397 337 1437 372 et
1461 334 1631 371 Abithell

163 398 262 434 Item
285 397 502 435 conceditur
525 400 571 434 28
593 396 820 434 Novembris
842 399 884 432 vt
907 395 1097 443 magistez
1107 394 1227 442 Gwyn
1249 394 1412 442 exigeret
1434 394 1494 430 ius
1518 394 1720 430 iurandum

254 455 304 493 ab
320 456 381 493 his
396 457 462 504 qui
479 459 671 504 preessent
688 455 870 493 scrutinio
886 453 1079 492 electionis
1095 453 1388 490 vicecancellarii
1408 453 1488 490 vice
1504 452 1719 490 absentium

253 517 469 552 taxatorum
565 515 636 562 (Μτ
653 515 770 551 Poore
786 511 1114 550 vicecancellarius
1177 512 1312 560 mary.)

96 561 99 565 ¹
161 574 260 610 Item
277 574 494 611 conceditur
510 576 532 610 8
550 573 768 611 Decembris
785 576 828 610 vt
844 573 1015 609 doctores
1031 571 1124 608 Yale
1141 575 1182 608 et
1193 571 1348 608 Walker
1363 571 1536 618 magistri
1554 570 1720 607 Witloke

255 633 384 669 Bovell
415 632 590 670 Hanford
622 636 662 670 et
695 633 879 669 Bateman
904 631 1051 679 possint
1079 630 1254 678 supplere
1280 630 1380 667 vices
1409 630 1627 666 auditorum
1655 629 1719 666 ab·

255 692 420 727 sentium
449 692 630 728 cistarum
659 693 699 727 et
723 690 867 727 auditio
891 690 1074 726 cistarum
1099 689 1166 726 fiat
1191 692 1281 726 ante
1305 689 1419 726 finem
1443 688 1597 725 termini
1624 689 1721 725 citra

256 750 470 788 vlteriorem
495 750 715 788 dilationem

162 810 260 846 Item
277 810 494 847 conceditur
512 813 556 847 13
582 810 800 847 Decembris
822 812 864 846 vt
885 809 1016 846 doctor
1039 808 1193 845 Mutche
1219 808 1341 855 possit
1365 809 1580 855 presentare
1601 806 1719 843 domi-

255 881 347 906 num
370 870 714 906 vicecancellarium
737 871 891 916 propter
913 868 1125 905 absentiam
1149 868 1346 904 doctorum
1370 867 1409 903 in
1433 866 1620 913 theologia
1644 878 1719 902 non

254 928 430 965 obstante
446 940 671 976 quocunque
687 931 835 965 statuto

162 987 261 1023 Item
289 987 508 1023 conceditur
540 989 584 1024 17
617 986 836 1023 Decembris
869 987 1012 1023 doctori
1047 986 1174 1022 Herde
1206 987 1249 1021 vt
1282 984 1422 1021 habeat
1453 984 1583 1021 literas
1614 985 1720 1020 testi-

254 1046 435 1083 moniales
459 1047 517 1083 sui
543 1046 680 1093 gradus
704 1046 888 1092 sigillatas
912 1046 1034 1092 sigillo
1059 1044 1251 1081 communi

162 1106 260 1141 Item
276 1105 494 1142 conceditur
509 1105 639 1142 eodem
657 1108 700 1142 vt
716 1117 838 1142 sermo
861 1105 908 1142 ad
931 1105 1072 1141 clerum
1090 1104 1138 1141 ad
1161 1116 1274 1151 quem
1298 1107 1450 1140 tenetur
1466 1103 1598 1140 doctor
1615 1103 1721 1151 Daye

253 1176 373 1211 nuper
404 1165 600 1212 episcopus
632 1165 879 1202 Cicestrencis
911 1165 1031 1212 possit
1063 1164 1230 1200 converti
1265 1164 1303 1200 in
1336 1166 1501 1210 quatuor
1532 1175 1722 1200 sermones

252 1223 300 1260 ad
325 1224 505 1271 populum
529 1226 569 1260 et
595 1235 711 1260 vnum
736 1224 784 1260 ad
811 1224 971 1260 Burwell

161 1283 257 1319 Item
285 1283 502 1320 conceditur
525 1283 656 1320 eodem
682 1287 724 1320 vt
747 1295 870 1320 sermo
894 1283 942 1319 ad
971 1283 1112 1320 clerum
1141 1283 1189 1319 ad
1219 1294 1330 1330 quem
1360 1285 1511 1318 tenetur
1543 1282 1722 1328 magister

256 1341 403 1378 Pollard
435 1342 556 1389 possit
584 1342 751 1378 converti
782 1342 820 1378 in
849 1345 926 1378 tres
954 1353 1146 1377 sermones
1175 1340 1223 1377 ad
1253 1340 1435 1388 populum
1462 1344 1502 1375 et
1531 1351 1647 1376 vnum
1674 1339 1722 1375 ad

256 1401 414 1437 Burwell

164 1459 263 1495 Item
296 1460 514 1496 conceditur
545 1460 674 1496 eodem
700 1463 743 1496 vt
767 1472 890 1496 sermo
914 1460 962 1496 ad
987 1460 1128 1496 clerum
1154 1459 1202 1496 ad
1226 1470 1340 1506 quem
1367 1460 1520 1494 tenetur
1544 1458 1723 1504 magister

258 1519 385 1555 Evans
400 1520 521 1566 possit
538 1520 706 1556 converti
723 1520 763 1556 in
780 1532 844 1556 sex
861 1531 1051 1556 sermones
1068 1519 1116 1556 ad
1133 1519 1314 1566 populum

165 1577 264 1613 Item
288 1578 505 1615 conceditur
534 1582 578 1614 13
606 1578 824 1615 Decembris
852 1579 1006 1615 domino
1035 1579 1178 1615 Greene
1205 1578 1455 1625 questioniste
1481 1580 1524 1613 vt
1549 1577 1630 1613 eius
1658 1576 1721 1612 ad-

257 1636 386 1672 missio
418 1639 495 1672 stet
523 1637 577 1672 illi
612 1648 679 1684 pro
712 1636 908 1684 completis
941 1636 1059 1683 gradu
1092 1639 1131 1672 et
1164 1637 1285 1672 forma
1319 1635 1650 1671 lmcchalaureatus
1682 1636 1721 1671 in

255 1695 402 1731 artibus
434 1697 614 1742 quoniam
647 1692 798 1732 finalem
832 1695 1185 1732 determinationem
1215 1696 1297 1731 sine
1327 1696 1490 1731 maximo
1516 1707 1584 1730 suo
1610 1695 1723 1731 detri-

257 1759 383 1791 mento
396 1761 591 1803 expectare
605 1768 679 1791 non
694 1758 819 1802 potest
835 1756 889 1791 sic
903 1759 1030 1791 tamen
1048 1758 1091 1791 vt
1108 1757 1184 1790 stet
1203 1755 1241 1790 in
1257 1755 1426 1801 proxima
1439 1754 1724 1800 quadragesima

255 1826 341 1849 cum
359 1815 492 1850 ceteris
509 1815 772 1861 questionistis
789 1815 878 1850 anni
897 1815 1016 1850 futuri

163 1872 261 1908 Item
286 1873 503 1910 conceditur
528 1877 575 1910 20
598 1874 770 1910 Januarii
801 1876 843 1910 vt
873 1874 1045 1920 magistri
1075 1872 1326 1920 Vxenbrydge
1355 1877 1395 1908 et
1421 1872 1621 1919 Whitgifts
1646 1873 1724 1908 sint

254 1933 526 1969 examinatores
550 1933 887 1980 questionistarum
913 1933 983 1969 hoc
1007 1945 1107 1969 anno

163 1991 261 2027 Item
278 1991 496 2028 conceditur
512 1991 642 2028 eodem
660 1994 703 2028 vt
719 1992 1008 2029 determinaturi
1027 1993 1174 2040 possint
1190 1992 1414 2038 respondere
1430 1991 1619 2038 questioni
1637 1995 1723 2038 post

256 2050 559 2096 purificationem
575 2050 685 2086 beate
703 2051 823 2087 Marie
840 2063 914 2087 non
933 2051 1109 2087 obstante
1125 2053 1272 2087 statuto
1770 2046 1778 2055 ³

164 2109 262 2144 Item
290 2108 508 2144 conceditur
535 2109 665 2145 eodem
692 2112 736 2145 vt
763 2109 973 2156 disputatio
1001 2112 1041 2145 et
1066 2109 1332 2145 determinatio
1361 2108 1409 2144 ad
1442 2120 1538 2155 quas
1572 2112 1724 2145 tenetur

260 2167 391 2203 doctor
424 2167 601 2204 Bullocke
627 2168 774 2215 possint
806 2168 947 2204 differri
979 2169 1019 2204 in
1051 2168 1265 2215 proximum
1295 2179 1438 2204 annum
1468 2168 1647 2214 quoniam
1675 2167 1724 2203 ob

258 2226 430 2263 morbum
448 2238 523 2274 quo
540 2227 686 2263 laborat
703 2239 766 2263 eas
784 2228 853 2263 hoc
870 2239 969 2263 anno
986 2228 1180 2264 commode
1197 2230 1366 2274 prestare
1382 2239 1458 2263 non
1475 2229 1602 2274 potest

164 2285 262 2320 Item
279 2285 495 2321 conceditur
518 2288 562 2321 10
585 2286 715 2322 Martii
733 2289 775 2322 vt
798 2286 990 2333 responsio
1012 2286 1060 2322 ad
1083 2298 1197 2332 quam
1215 2289 1368 2322 tenetur
1390 2286 1568 2332 magister
1586 2285 1724 2333 Bayley

257 2344 376 2390 possit
392 2343 531 2380 differri
548 2345 602 2380 sic
619 2348 661 2381 vt
677 2345 902 2392 respondeat
919 2348 1008 2382 ante
1024 2346 1178 2382 comitia

163 2403 261 2439 Item
279 2403 496 2439 conceditur
515 2406 555 2439 11
576 2404 705 2440 Martii
725 2411 766 2439 vt
783 2404 960 2441 dominus
972 2404 1299 2441 vicecancellarius
1314 2407 1353 2440 et
1367 2404 1547 2451 magister
1559 2404 1724 2451 Taylour

256 2462 433 2508 magister
461 2462 604 2509 collegii
631 2463 773 2499 Christi
806 2464 953 2511 possint
982 2464 1155 2511 supplere
1183 2464 1282 2499 vices
1309 2463 1473 2499 doctoris
1500 2463 1657 2510 Younge
1683 2467 1722 2498 et

259 2521 429 2567 magistri
466 2522 637 2570 Anlebye
670 2524 709 2558 in
743 2523 943 2560 reddendis
976 2523 1187 2559 rationibus
1227 2523 1327 2559 inter
1363 2522 1650 2558 vniuersitatem
1683 2526 1722 2557 et

256 2582 502 2625 exequutores
519 2581 690 2626 magistri
717 2581 833 2616 Meris

165 2636 390 2673 Conceditur
418 2641 461 2674 16
491 2639 621 2675 Martii
657 2640 830 2687 Philippo
858 2641 1007 2676 Barrow
1037 2641 1097 2676 cui
1126 2640 1309 2687 superiori
1338 2651 1438 2675 anno
1464 2650 1639 2675 concessa
1664 2642 1723 2675 est
1738 2633 1766 2672 f.
1791 2634 1841 2671 52
1862 2634 1888 2671 b

257 2698 379 2743 gratia
402 2698 450 2734 ad
475 2699 761 2746 practicandum
785 2700 824 2735 in
847 2700 1036 2746 chirurgia
1058 2703 1102 2735 vt
1125 2699 1264 2735 habeat
1289 2698 1419 2735 literas
1441 2701 1587 2734 vestras
1610 2709 1724 2744 super

259 2757 329 2792 hac
353 2758 590 2794 concessione
614 2758 815 2807 signata[s]
840 2759 962 2806 sigillo
986 2759 1178 2795 communi
1675 2758 1678 2762 ’

167 2815 395 2852 Conceditur
413 2818 473 2854 17⁰
491 2817 620 2853 Martii
637 2821 679 2853 vt
702 2821 950 2865 exequutores
974 2818 1145 2865 magistri
1170 2818 1294 2854 Meers
1316 2817 1482 2853 habeant
1505 2816 1721 2863 aequistan-

261 2874 358 2910 ciam
390 2875 511 2923 sigillo
540 2877 730 2913 communi
759 2877 963 2925 sigillatam
995 2877 1042 2914 de
1075 2876 1251 2914 omnibus
1283 2875 1495 2913 rationibus
1518 2875 1618 2911 inter
1641 2886 1722 2921 pre—

1504 2947 1610 2986 9—2
