2046 3224
361 183 418 224 48
941 197 1094 229 GRACE
1123 197 1249 229 Boon
1279 198 1310 229 Δ
1686 185 1907 244 [1547-48

972 548 1303 603 [1547-1548J

205 657 230 695 f·
254 657 342 695 208
359 661 511 704 Gratie
541 661 634 704 siue
664 661 902 718 peticiones
922 675 1120 704 concesse
1141 661 1187 703 in
1216 661 1346 718 plena
1369 663 1702 720 congregatione
1733 663 1915 720 Regen-¹

475 731 588 774 tium
609 737 655 773 et
675 745 760 773 non
778 730 1085 788 [Regentium]
1101 745 1128 772 a
1144 731 1252 772 festo
1269 730 1496 774 Michaelis
1510 747 1623 774 anno
1643 733 1752 775 1547
1772 747 1905 789 vsque

475 800 531 843 ad
558 800 673 844 idem
705 801 865 844 festum
894 816 947 843 ex
974 806 1082 843 tunc
1109 800 1304 857 proxime
1329 816 1514 858 sequens
1541 801 1714 845 doctore
1743 802 1906 846 Parker

474 870 613 913 electo
634 884 780 912 mense
806 869 1031 913 Februarii
1053 869 1400 912 vicecancellario
1429 879 1474 913 et
1498 871 1716 929 magistris
1737 871 1906 915 Thoma

475 940 670 982 Burman
691 945 737 982 et
759 939 960 996 Karlhyll
981 939 1335 997 procuratoribus

357 1053 469 1091 Mem.
487 1054 587 1101 quod
610 1057 656 1090 24
672 1054 817 1101 Aprilis
831 1065 931 1089 anno
950 1055 1042 1089 1548
1058 1053 1251 1089 decretum
1267 1056 1326 1089 est
1348 1065 1414 1100 per
1429 1052 1619 1090 doctorem
1644 1053 1783 1089 Parker
1799 1053 1904 1090 Vice-

450 1114 712 1150 cancellarium
740 1117 780 1150 et
811 1113 983 1149 doctores
1016 1111 1186 1148 Redman
1220 1111 1386 1148 Madewe
1414 1115 1454 1149 et
1486 1112 1637 1160 Busbye
1668 1112 1906 1160 presentibus

449 1172 632 1209 ambobus
643 1172 946 1220 procuratoribus
960 1172 1150 1219 magistris
1164 1172 1282 1219 Porye
1293 1171 1438 1207 Adams
1454 1174 1493 1208 et
1507 1171 1608 1207 Mere
1618 1171 1719 1218 quod
1730 1171 1908 1218 magister

451 1231 528 1267 Dee
546 1231 594 1268 de
613 1231 766 1278 collegio
787 1231 988 1268 Trinitatis
1009 1234 1098 1267 actu
1120 1231 1159 1266 in
1182 1230 1330 1267 artibus
1351 1231 1537 1277 professor
1558 1230 1706 1267 cederet
1727 1231 1906 1278 magistro

449 1289 651 1337 Nevynson
676 1290 723 1327 de
746 1290 877 1326 eodem
900 1290 1053 1336 collegio
1078 1289 1261 1336 inceptori
1286 1289 1324 1324 in
1349 1288 1496 1325 artibus
1519 1292 1559 1326 et
1583 1289 1726 1325 nullam
1751 1290 1905 1326 omnino

449 1348 656 1385 vindicaret
680 1349 938 1386 senioritatem
962 1348 1009 1385 de
1034 1349 1097 1384 illo
1123 1349 1221 1384 infra
1245 1348 1531 1384 vniuersitatem

355 1405 454 1443 Item
478 1408 658 1454 magister
679 1408 882 1456 Atkynson
905 1407 952 1444 de
974 1407 1104 1444 eodem
1127 1407 1279 1454 collegio
1303 1405 1516 1454 disputabit
1540 1418 1670 1443 omnes
1691 1407 1792 1443 vices
1812 1406 1906 1444 dicti

450 1467 622 1514 Magistri
648 1468 726 1504 Dee

356 1525 401 1561 In
427 1527 559 1573 primis
583 1526 800 1563 conceditur
824 1530 866 1562 vt
890 1538 1020 1562 omnes
1042 1525 1162 1573 gratie
1186 1524 1348 1562 admisse
1369 1531 1409 1561 et
1430 1536 1602 1561 concesse
1622 1536 1690 1571 per
1710 1523 1904 1561 dominum

450 1584 792 1621 vicecancellarium
806 1584 975 1620 doctores
993 1583 1076 1631 Byll
1092 1586 1132 1620 et
1149 1581 1300 1631 Busbye
1312 1583 1511 1630 magistros
1525 1582 1674 1631 Gylpyn
1689 1586 1728 1619 et
1742 1582 1903 1620 Haddon

449 1644 596 1690 possint
612 1655 831 1680 concurrere
847 1643 886 1679 in
903 1646 1068 1690 quatuor
1083 1642 1433 1690 congregacionibus
1453 1642 1564 1679 istius
1585 1642 1676 1678 anni
1726 1642 1787 1678 Ita
1803 1642 1904 1690 quod

449 1702 586 1748 singuli
603 1702 738 1738 horum
755 1702 923 1749 quinque
939 1701 1168 1738 vnanimiter
1183 1701 1422 1738 consentiant

356 1761 454 1797 Item
477 1760 694 1797 conceditur
716 1760 884 1797 Galsrido
907 1761 1059 1808 Gethyn
1078 1764 1119 1797 vt
1141 1759 1310 1797 studium
1330 1762 1494 1807 quatuor
1514 1772 1698 1797 annorum
1721 1761 1760 1797 in
1782 1773 1903 1809 gram·

449 1820 588 1856 matica
620 1824 658 1857 et
690 1821 810 1857 literis
841 1819 1127 1857 humanioribus
1160 1820 1199 1856 in
1232 1819 1302 1856 hac
1335 1820 1582 1856 vniuersitate
1619 1825 1744 1868 preter
1775 1820 1903 1857 decem

447 1891 632 1915 annorum
665 1879 884 1916 exercitium
912 1879 1014 1927 quod
1042 1878 1176 1916 habuit
1203 1878 1294 1916 alibi
1323 1879 1501 1916 continue
1533 1891 1668 1927 pueros
1699 1879 1903 1917 erudiendo

447 1938 637 1975 sufficiant
653 1939 686 1975 ei
703 1938 751 1975 ad
768 1938 1023 1986 incipiendum
1041 1938 1079 1975 iu
1097 1938 1228 1975 eadem
1243 1938 1424 1975 facultate
1461 1938 1524 1975 Ita
1535 1938 1635 1986 quod
1648 1939 1730 1975 eius
1741 1938 1903 1976 eruditio

448 2000 684 2036 examinetur
707 2004 746 2036 et
767 1998 997 2047 approbetur
1023 2011 1090 2046 per
1111 1998 1311 2046 magistros
1335 1998 1470 2036 Stokes
1491 1998 1539 2035 de
1559 1998 1710 2046 collegio
1734 1998 1901 2047 Reginali

450 2058 632 2095 iuniorem
649 2062 688 2095 et
705 2059 927 2106 magistrum
945 2057 1116 2106 Aylaude

839 2261 1079 2304 Bacchalau
1085 2260 1145 2303 rei
1179 2261 1222 2303 in
1254 2260 1423 2303 artibus

356 2375 397 2411 In
420 2375 551 2421 primis
568 2374 784 2411 conceditur
803 2374 947 2411 'rhome
970 2375 1096 2411 Stenis
1112 2379 1155 2411 vt
1176 2374 1303 2411 decem
1327 2374 1478 2411 termini
1501 2374 1539 2410 in
1563 2373 1701 2421 quibus
1723 2374 1901 2411 lectiones

445 2434 652 2471 ordinarias
668 2434 817 2471 audiuit
839 2446 905 2482 per
922 2435 1100 2471 maiorem
1123 2438 1269 2482 partem
1290 2434 1328 2471 in
1346 2436 1428 2470 toto
1444 2444 1529 2470 cum
1547 2433 1844 2481 oppositionibus
1860 2437 1899 2470 et

446 2493 747 2540 resmnsionibus
764 2494 956 2541 requisitis
968 2494 1156 2531 sufficiant
1172 2494 1205 2530 ei
1222 2493 1270 2530 ad
1288 2492 1585 2541 respondendum
1603 2492 1790 2539 questioni
1836 2492 1898 2529 Sic

448 2556 489 2588 vt
510 2553 591 2588 eius
614 2552 776 2589 eruditio
798 2553 1027 2601 approbetur
1049 2564 1115 2600 per
1138 2553 1336 2600 magistros
1358 2552 1449 2589 Vale
1470 2555 1510 2589 et
1533 2551 1733 2600 Robynsou
1756 2552 1898 2589 socium

446 2611 587 2657 collegii
622 2611 763 2648 Christi
789 2615 829 2648 et
853 2611 1032 2648 admissio
1057 2613 1123 2649 flat
1148 2624 1215 2660 pro
1240 2611 1424 2659 completo
1457 2610 1573 2659 gradu
1597 2613 1637 2647 et
1661 2610 1781 2647 forma
1808 2611 1898 2658 quia.

446 2669 526 2704 nine
543 2681 611 2705 nuo
629 2680 763 2716 magno
778 2669 1006 2706 detrimento
1022 2670 1375 2707 determinacionem
1393 2669 1598 2716 proximam
1618 2668 1895 2706 bacchalaureo-

446 2739 528 2764 rum
554 2733 748 2775 cunctare
773 2740 846 2764 non
877 2732 1001 2776 potest
1055 2729 1105 2765 Et
1128 2728 1228 2776 quod
1253 2731 1330 2765 stet
1355 2727 1393 2764 in
1422 2727 1590 2775 proxima
1613 2726 1898 2775 quadragesima

443 2798 527 2822 curn
546 2787 678 2823 ceteris
693 2786 1048 2824 ‹lotormhmwribns

352 2845 488 2882 Emis-n·
515 2846 635 2892 gratia
650 2845 696 2883 dc
715 2846 825 2883 verbo
843 2847 879 2883 in
899 2846 1052 2883 verbum
1070 2846 1286 2883 conceditur
1302 2846 1444 2883 'rhome
1464 2845 1550 2882 Hali
1567 2849 1719 2893 excepto
1734 2856 1778 2882 eo
1795 2846 1894 2893 quod

445 2904 545 2942 illius
561 2904 723 2942 eruditio
740 2905 967 2954 approbetur
984 2917 1050 2954 per
1066 2905 1263 2954 magistros
1281 2903 1442 2943 Haddon
1459 2907 1499 2941 et
1515 2903 1628 2942 Gerre
