<?xml version="1.0" encoding="UTF-8"?>
<!DOCTYPE html PUBLIC "-//W3C//DTD XHTML 1.0 Transitional//EN"
    "http://www.w3.org/TR/xhtml1/DTD/xhtml1-transitional.dtd">
<html xmlns="http://www.w3.org/1999/xhtml" xml:lang="en" lang="en">
 <head>
  <title>
</title>
<meta http-equiv="Content-Type" content="text/html;charset=utf-8" />
  <meta name='ocr-system' content='tesseract 3.04.00' />
  <meta name='ocr-capabilities' content='ocr_page ocr_carea ocr_par ocr_line ocrx_word'/>
</head>
<body>
  <div class='ocr_page' id='page_1' title='image "./gracebookdeltaco00univuoft_0075.png"; bbox 0 0 2002 3236; ppageno 0'>
   <div class='ocr_carea' id='block_1_1' title="bbox 0 663 25 3236">
    <p class='ocr_par' dir='ltr' id='par_1_1' title="bbox 0 663 25 3236">
     <span class='ocr_line' id='line_1_1' title="bbox 0 663 25 3236; baseline 0 0"><span class='ocrx_word' id='word_1_1' title='bbox 0 663 25 3236; x_wconf 95' lang='lat' dir='ltr'> </span> 
     </span>
    </p>
   </div>
   <div class='ocr_carea' id='block_1_2' title="bbox 209 166 1755 225">
    <p class='ocr_par' dir='ltr' id='par_1_2' title="bbox 209 166 1755 225">
     <span class='ocr_line' id='line_1_2' title="bbox 209 166 1755 225; baseline -0.001 -14"><span class='ocrx_word' id='word_1_2' title='bbox 209 166 430 225; x_wconf 81' lang='lat'>1546-4’7]</span> <span class='ocrx_word' id='word_1_3' title='bbox 793 179 945 212; x_wconf 65' lang='lat' dir='ltr'>ouon</span> <span class='ocrx_word' id='word_1_4' title='bbox 975 179 1099 212; x_wconf 75' lang='lat' dir='ltr'>Boox</span> <span class='ocrx_word' id='word_1_5' title='bbox 1131 179 1160 211; x_wconf 80' lang='grc' dir='ltr'><strong>Δ</strong></span> <span class='ocrx_word' id='word_1_6' title='bbox 1703 169 1755 210; x_wconf 78' lang='lat'>41</span> 
     </span>
    </p>
   </div>
   <div class='ocr_carea' id='block_1_3' title="bbox 267 431 1682 475">
    <p class='ocr_par' dir='ltr' id='par_1_3' title="bbox 267 431 1682 475">
     <span class='ocr_line' id='line_1_3' title="bbox 267 431 1682 475; baseline 0.001 -2"><span class='ocrx_word' id='word_1_7' title='bbox 267 431 490 474; x_wconf 77' lang='lat' dir='ltr'>Numerus</span> <span class='ocrx_word' id='word_1_8' title='bbox 521 431 925 475; x_wconf 79' lang='lat' dir='ltr'>bacchalaureorum</span> <span class='ocrx_word' id='word_1_9' title='bbox 958 431 1002 474; x_wconf 89' lang='lat' dir='ltr'>in</span> <span class='ocrx_word' id='word_1_10' title='bbox 1033 431 1200 474; x_wconf 78' lang='lat' dir='ltr'>artibus</span> <span class='ocrx_word' id='word_1_11' title='bbox 1231 432 1355 475; x_wconf 80' lang='lat' dir='ltr'>iuxta</span> <span class='ocrx_word' id='word_1_12' title='bbox 1383 432 1682 475; x_wconf 77' lang='lat' dir='ltr'>senioritatem</span> 
     </span>
    </p>
   </div>
   <div class='ocr_carea' id='block_1_4' title="bbox 472 540 1435 1576">
    <p class='ocr_par' dir='ltr' id='par_1_4' title="bbox 472 540 1435 1576">
     <span class='ocr_line' id='line_1_4' title="bbox 472 540 1277 588; baseline -0.002 -10"><span class='ocrx_word' id='word_1_13' title='bbox 472 541 596 578; x_wconf 83' lang='lat' dir='ltr'>¹Salte</span> <span class='ocrx_word' id='word_1_14' title='bbox 1103 540 1277 588; x_wconf 80' lang='lat' dir='ltr'>Haryson</span> 
     </span>
     <span class='ocr_line' id='line_1_5' title="bbox 492 599 1435 647; baseline -0.001 -11"><span class='ocrx_word' id='word_1_15' title='bbox 492 600 590 636; x_wconf 87' lang='lat' dir='ltr'>Sone</span> <span class='ocrx_word' id='word_1_16' title='bbox 1099 599 1435 647; x_wconf 77' lang='lat' dir='ltr'>Orphynstraunge</span> 
     </span>
     <span class='ocr_line' id='line_1_6' title="bbox 494 657 1243 694; baseline 0 0"><span class='ocrx_word' id='word_1_17' title='bbox 494 657 639 694; x_wconf 76' lang='lat' dir='ltr'>Mahew</span> <span class='ocrx_word' id='word_1_18' title='bbox 1104 657 1243 694; x_wconf 75' lang='lat' dir='ltr'>Malam</span> 
     </span>
     <span class='ocr_line' id='line_1_7' title="bbox 492 716 1240 764; baseline -0.001 -12"><span class='ocrx_word' id='word_1_19' title='bbox 492 716 639 764; x_wconf 83' lang='lat' dir='ltr'>Boyton</span> <span class='ocrx_word' id='word_1_20' title='bbox 1102 716 1240 752; x_wconf 84' lang='lat' dir='ltr'>Monke</span> 
     </span>
     <span class='ocr_line' id='line_1_8' title="bbox 494 775 1270 823; baseline -0.001 -11"><span class='ocrx_word' id='word_1_21' title='bbox 494 776 733 823; x_wconf 80' lang='lat' dir='ltr'>Pylkyngton</span> <span class='ocrx_word' id='word_1_22' title='bbox 1099 775 1270 811; x_wconf 83' lang='lat' dir='ltr'>Jhonson</span> 
     </span>
     <span class='ocr_line' id='line_1_9' title="bbox 495 833 1228 881; baseline -0.001 -11"><span class='ocrx_word' id='word_1_23' title='bbox 495 833 576 870; x_wconf 88' lang='lat' dir='ltr'>Idle</span> <span class='ocrx_word' id='word_1_24' title='bbox 1099 833 1228 881; x_wconf 85' lang='lat' dir='ltr'>Conye</span> 
     </span>
     <span class='ocr_line' id='line_1_10' title="bbox 494 891 1249 940; baseline 0 -12"><span class='ocrx_word' id='word_1_25' title='bbox 494 892 635 940; x_wconf 75' lang='lat' dir='ltr'>Lanley</span> <span class='ocrx_word' id='word_1_26' title='bbox 1102 891 1249 939; x_wconf 80' lang='lat' dir='ltr'>Squyre</span> 
     </span>
     <span class='ocr_line' id='line_1_11' title="bbox 495 949 1206 999; baseline -0.001 -11"><span class='ocrx_word' id='word_1_27' title='bbox 495 951 630 999; x_wconf 76' lang='lat' dir='ltr'>Berley</span> <span class='ocrx_word' id='word_1_28' title='bbox 1103 949 1206 997; x_wconf 74' lang='lat' dir='ltr'>Gray</span> 
     </span>
     <span class='ocr_line' id='line_1_12' title="bbox 497 1009 1240 1058; baseline -0.001 -12"><span class='ocrx_word' id='word_1_29' title='bbox 497 1009 652 1058; x_wconf 82' lang='lat' dir='ltr'>Wylson</span> <span class='ocrx_word' id='word_1_30' title='bbox 670 1010 751 1056; x_wconf 86' lang='lat' dir='ltr'>(col.</span> <span class='ocrx_word' id='word_1_31' title='bbox 772 1009 876 1056; x_wconf 86' lang='lat' dir='ltr'>Reg.)</span> <span class='ocrx_word' id='word_1_32' title='bbox 1103 1009 1240 1046; x_wconf 67' lang='lat' dir='ltr'>Totam</span> 
     </span>
     <span class='ocr_line' id='line_1_13' title="bbox 494 1068 1303 1117; baseline -0.001 -12"><span class='ocrx_word' id='word_1_33' title='bbox 494 1069 649 1117; x_wconf 82' lang='lat' dir='ltr'>Wylson</span> <span class='ocrx_word' id='word_1_34' title='bbox 667 1068 705 1115; x_wconf 86' lang='lat' dir='ltr'>(J</span> <span class='ocrx_word' id='word_1_35' title='bbox 708 1070 808 1115; x_wconf 78' lang='lat' dir='ltr'>can.)</span> <span class='ocrx_word' id='word_1_36' title='bbox 1104 1068 1303 1116; x_wconf 71' lang='lat' dir='ltr'>Macarnys</span> 
     </span>
     <span class='ocr_line' id='line_1_14' title="bbox 496 1127 1190 1175; baseline -0.001 -11"><span class='ocrx_word' id='word_1_37' title='bbox 496 1127 688 1164; x_wconf 77' lang='lat' dir='ltr'>Gai-dener</span> <span class='ocrx_word' id='word_1_38' title='bbox 1105 1127 1190 1175; x_wconf 87' lang='lat' dir='ltr'>Hey</span> 
     </span>
     <span class='ocr_line' id='line_1_15' title="bbox 494 1185 1303 1222; baseline 0 0"><span class='ocrx_word' id='word_1_39' title='bbox 494 1185 670 1222; x_wconf 75' lang='lat' dir='ltr'>Metcalfe</span> <span class='ocrx_word' id='word_1_40' title='bbox 1100 1185 1303 1222; x_wconf 85' lang='lat' dir='ltr'>Brokelsbe</span> 
     </span>
     <span class='ocr_line' id='line_1_16' title="bbox 495 1244 1264 1292; baseline 0 -12"><span class='ocrx_word' id='word_1_41' title='bbox 495 1244 607 1292; x_wconf 86' lang='lat' dir='ltr'>Hyde</span> <span class='ocrx_word' id='word_1_42' title='bbox 1103 1244 1264 1292; x_wconf 79' lang='lat' dir='ltr'>Hor-siey</span> 
     </span>
     <span class='ocr_line' id='line_1_17' title="bbox 496 1303 1224 1354; baseline 0 -14"><span class='ocrx_word' id='word_1_43' title='bbox 496 1303 714 1354; x_wconf 62' lang='lat' dir='ltr'>qumonde</span> <span class='ocrx_word' id='word_1_44' title='bbox 1104 1304 1224 1352; x_wconf 85' lang='lat' dir='ltr'>Boyes</span> 
     </span>
     <span class='ocr_line' id='line_1_18' title="bbox 494 1362 1229 1411; baseline 0 -12"><span class='ocrx_word' id='word_1_45' title='bbox 494 1362 649 1411; x_wconf 85' lang='lat' dir='ltr'>Wylson</span> <span class='ocrx_word' id='word_1_46' title='bbox 669 1362 849 1410; x_wconf 84' lang='lat' dir='ltr'>&lt;Pembr.)</span> <span class='ocrx_word' id='word_1_47' title='bbox 1104 1363 1229 1410; x_wconf 81' lang='lat' dir='ltr'>Longe</span> 
     </span>
     <span class='ocr_line' id='line_1_19' title="bbox 496 1422 1218 1458; baseline 0 0"><span class='ocrx_word' id='word_1_48' title='bbox 496 1422 624 1458; x_wconf 77' lang='lat' dir='ltr'>Raven</span> <span class='ocrx_word' id='word_1_49' title='bbox 1103 1422 1218 1458; x_wconf 76' lang='lat' dir='ltr'>Basse</span> 
     </span>
     <span class='ocr_line' id='line_1_20' title="bbox 493 1480 1221 1529; baseline 0.003 -13"><span class='ocrx_word' id='word_1_50' title='bbox 493 1480 582 1517; x_wconf 84' lang='lat' dir='ltr'>Oole</span> <span class='ocrx_word' id='word_1_51' title='bbox 1101 1481 1221 1529; x_wconf 76' lang='lat' dir='ltr'><strong>Bayly</strong></span> 
     </span>
     <span class='ocr_line' id='line_1_21' title="bbox 496 1540 569 1576; baseline 0 0"><span class='ocrx_word' id='word_1_52' title='bbox 496 1540 569 1576; x_wconf 84' lang='lat' dir='ltr'>Bee</span> 
     </span>
    </p>
   </div>
   <div class='ocr_carea' id='block_1_5' title="bbox 746 1864 1223 1922">
    <p class='ocr_par' dir='ltr' id='par_1_5' title="bbox 746 1864 1223 1922">
     <span class='ocr_line' id='line_1_22' title="bbox 746 1864 1223 1922; baseline -0.004 -14"><span class='ocrx_word' id='word_1_53' title='bbox 746 1865 947 1922; x_wconf 78' lang='lat' dir='ltr'><strong>Magistri</strong></span> <span class='ocrx_word' id='word_1_54' title='bbox 978 1865 1023 1907; x_wconf 91' lang='lat' dir='ltr'>in</span> <span class='ocrx_word' id='word_1_55' title='bbox 1055 1864 1223 1907; x_wconf 77' lang='lat' dir='ltr'>artibus</span> 
     </span>
    </p>
   </div>
   <div class='ocr_carea' id='block_1_6' title="bbox 211 1979 1765 2854">
    <p class='ocr_par' dir='ltr' id='par_1_6' title="bbox 211 1979 1765 2192">
     <span class='ocr_line' id='line_1_23' title="bbox 211 1979 1765 2027; baseline 0.001 -12"><span class='ocrx_word' id='word_1_56' title='bbox 211 1979 258 2016; x_wconf 92' lang='lat' dir='ltr'>In</span> <span class='ocrx_word' id='word_1_57' title='bbox 274 1979 406 2027; x_wconf 84' lang='lat' dir='ltr'>primis</span> <span class='ocrx_word' id='word_1_58' title='bbox 421 1979 637 2016; x_wconf 74' lang='lat' dir='ltr'>conceditur</span> <span class='ocrx_word' id='word_1_59' title='bbox 652 1979 806 2016; x_wconf 89' lang='lat' dir='ltr'>domino</span> <span class='ocrx_word' id='word_1_60' title='bbox 823 1979 1015 2016; x_wconf 72' lang='lat' dir='ltr'>Bai-nardo</span> <span class='ocrx_word' id='word_1_61' title='bbox 1032 1985 1074 2015; x_wconf 88' lang='lat' dir='ltr'>vt</span> <span class='ocrx_word' id='word_1_62' title='bbox 1091 1990 1226 2015; x_wconf 89' lang='lat' dir='ltr'>novem</span> <span class='ocrx_word' id='word_1_63' title='bbox 1243 1979 1395 2015; x_wconf 88' lang='lat' dir='ltr'>termini</span> <span class='ocrx_word' id='word_1_64' title='bbox 1414 1984 1500 2026; x_wconf 80' lang='lat' dir='ltr'>post</span> <span class='ocrx_word' id='word_1_65' title='bbox 1517 1979 1666 2016; x_wconf 75' lang='lat' dir='ltr'>finalem</span> <span class='ocrx_word' id='word_1_66' title='bbox 1683 1980 1765 2016; x_wconf 86' lang='lat' dir='ltr'>eius</span> 
     </span>
     <span class='ocr_line' id='line_1_24' title="bbox 304 2037 1763 2086; baseline 0.001 -12"><span class='ocrx_word' id='word_1_67' title='bbox 304 2037 656 2075; x_wconf 65' lang='lat' dir='ltr'>determinationem</span> <span class='ocrx_word' id='word_1_68' title='bbox 679 2038 718 2075; x_wconf 88' lang='lat' dir='ltr'>in</span> <span class='ocrx_word' id='word_1_69' title='bbox 741 2038 879 2086; x_wconf 83' lang='lat' dir='ltr'>quibus</span> <span class='ocrx_word' id='word_1_70' title='bbox 901 2038 1080 2074; x_wconf 85' lang='lat' dir='ltr'>lectiones</span> <span class='ocrx_word' id='word_1_71' title='bbox 1102 2037 1311 2073; x_wconf 78' lang='lat' dir='ltr'>ordinarias</span> <span class='ocrx_word' id='word_1_72' title='bbox 1331 2037 1481 2074; x_wconf 75' lang='lat' dir='ltr'>audiuit</span> <span class='ocrx_word' id='word_1_73' title='bbox 1498 2050 1564 2086; x_wconf 88' lang='lat' dir='ltr'>per</span> <span class='ocrx_word' id='word_1_74' title='bbox 1583 2039 1763 2075; x_wconf 73' lang='lat' dir='ltr'>maiorem</span> 
     </span>
     <span class='ocr_line' id='line_1_25' title="bbox 305 2096 1763 2145; baseline 0.001 -12"><span class='ocrx_word' id='word_1_75' title='bbox 305 2102 451 2144; x_wconf 72' lang='lat' dir='ltr'>partem</span> <span class='ocrx_word' id='word_1_76' title='bbox 476 2097 515 2133; x_wconf 90' lang='lat' dir='ltr'>in</span> <span class='ocrx_word' id='word_1_77' title='bbox 540 2100 622 2134; x_wconf 88' lang='lat' dir='ltr'>toto</span> <span class='ocrx_word' id='word_1_78' title='bbox 648 2109 733 2134; x_wconf 88' lang='lat' dir='ltr'>cum</span> <span class='ocrx_word' id='word_1_79' title='bbox 758 2096 883 2133; x_wconf 86' lang='lat' dir='ltr'>tribus</span> <span class='ocrx_word' id='word_1_80' title='bbox 907 2096 1212 2144; x_wconf 80' lang='lat' dir='ltr'>responsionibus</span> <span class='ocrx_word' id='word_1_81' title='bbox 1235 2097 1425 2133; x_wconf 72' lang='lat' dir='ltr'>sufficiant</span> <span class='ocrx_word' id='word_1_82' title='bbox 1448 2097 1482 2132; x_wconf 89' lang='lat' dir='ltr'>ei</span> <span class='ocrx_word' id='word_1_83' title='bbox 1507 2097 1555 2134; x_wconf 83' lang='lat' dir='ltr'>ad</span> <span class='ocrx_word' id='word_1_84' title='bbox 1585 2098 1763 2145; x_wconf 85' lang='lat' dir='ltr'>incipien-</span> 
     </span>
     <span class='ocr_line' id='line_1_26' title="bbox 304 2155 633 2192; baseline 0 0"><span class='ocrx_word' id='word_1_85' title='bbox 304 2155 396 2192; x_wconf 90' lang='lat' dir='ltr'>dum</span> <span class='ocrx_word' id='word_1_86' title='bbox 421 2156 460 2192; x_wconf 88' lang='lat' dir='ltr'>in</span> <span class='ocrx_word' id='word_1_87' title='bbox 486 2155 633 2192; x_wconf 81' lang='lat' dir='ltr'>artibus</span> 
     </span>
    </p>

    <p class='ocr_par' dir='ltr' id='par_1_7' title="bbox 212 2214 1763 2321">
     <span class='ocr_line' id='line_1_27' title="bbox 212 2214 1763 2264; baseline 0.001 -13"><span class='ocrx_word' id='word_1_88' title='bbox 212 2214 353 2251; x_wconf 72' lang='lat' dir='ltr'>Eadem</span> <span class='ocrx_word' id='word_1_89' title='bbox 378 2215 499 2262; x_wconf 75' lang='lat' dir='ltr'>gratia.</span> <span class='ocrx_word' id='word_1_90' title='bbox 526 2214 574 2251; x_wconf 92' lang='lat' dir='ltr'>de</span> <span class='ocrx_word' id='word_1_91' title='bbox 598 2214 711 2251; x_wconf 88' lang='lat' dir='ltr'>verbo</span> <span class='ocrx_word' id='word_1_92' title='bbox 740 2214 779 2250; x_wconf 91' lang='lat' dir='ltr'>in</span> <span class='ocrx_word' id='word_1_93' title='bbox 805 2214 961 2251; x_wconf 88' lang='lat' dir='ltr'>verbum</span> <span class='ocrx_word' id='word_1_94' title='bbox 989 2214 1207 2250; x_wconf 85' lang='lat' dir='ltr'>conceditur</span> <span class='ocrx_word' id='word_1_95' title='bbox 1233 2214 1396 2251; x_wconf 90' lang='lat' dir='ltr'>dominis</span> <span class='ocrx_word' id='word_1_96' title='bbox 1424 2215 1611 2264; x_wconf 84' lang='lat' dir='ltr'>Percyvell</span> <span class='ocrx_word' id='word_1_97' title='bbox 1637 2216 1763 2252; x_wconf 84' lang='lat' dir='ltr'>Rooke</span> 
     </span>
     <span class='ocr_line' id='line_1_28' title="bbox 308 2273 758 2321; baseline -0.002 -11"><span class='ocrx_word' id='word_1_98' title='bbox 308 2273 548 2321; x_wconf 75' lang='lat' dir='ltr'>Pylkyngton</span> <span class='ocrx_word' id='word_1_99' title='bbox 571 2276 611 2310; x_wconf 85' lang='lat' dir='ltr'>et</span> <span class='ocrx_word' id='word_1_100' title='bbox 637 2273 758 2309; x_wconf 89' lang='lat' dir='ltr'>Kelke</span> 
     </span>
    </p>

    <p class='ocr_par' dir='ltr' id='par_1_8' title="bbox 214 2331 1763 2544">
     <span class='ocr_line' id='line_1_29' title="bbox 214 2331 1763 2379; baseline 0.001 -10"><span class='ocrx_word' id='word_1_101' title='bbox 214 2333 314 2369; x_wconf 87' lang='lat' dir='ltr'>Item</span> <span class='ocrx_word' id='word_1_102' title='bbox 330 2332 547 2369; x_wconf 82' lang='lat' dir='ltr'>conceditur</span> <span class='ocrx_word' id='word_1_103' title='bbox 569 2331 770 2368; x_wconf 87' lang='lat' dir='ltr'>Edmundo</span> <span class='ocrx_word' id='word_1_104' title='bbox 788 2331 909 2368; x_wconf 73' lang='lat' dir='ltr'>Boane</span> <span class='ocrx_word' id='word_1_105' title='bbox 926 2336 968 2368; x_wconf 89' lang='lat' dir='ltr'>vt</span> <span class='ocrx_word' id='word_1_106' title='bbox 989 2332 1158 2368; x_wconf 86' lang='lat' dir='ltr'>studium</span> <span class='ocrx_word' id='word_1_107' title='bbox 1181 2340 1325 2379; x_wconf 79' lang='lat' dir='ltr'>septem</span> <span class='ocrx_word' id='word_1_108' title='bbox 1349 2344 1534 2369; x_wconf 77' lang='lat' dir='ltr'>annorum</span> <span class='ocrx_word' id='word_1_109' title='bbox 1558 2335 1597 2370; x_wconf 92' lang='lat' dir='ltr'>in</span> <span class='ocrx_word' id='word_1_110' title='bbox 1617 2335 1763 2371; x_wconf 80' lang='lat' dir='ltr'>artibus</span> 
     </span>
     <span class='ocr_line' id='line_1_30' title="bbox 306 2391 1761 2440; baseline 0.001 -12"><span class='ocrx_word' id='word_1_111' title='bbox 306 2392 346 2428; x_wconf 89' lang='lat' dir='ltr'>in</span> <span class='ocrx_word' id='word_1_112' title='bbox 374 2392 513 2440; x_wconf 90' lang='lat' dir='ltr'>quibus</span> <span class='ocrx_word' id='word_1_113' title='bbox 541 2392 720 2428; x_wconf 85' lang='lat' dir='ltr'>lectiones</span> <span class='ocrx_word' id='word_1_114' title='bbox 743 2391 951 2428; x_wconf 77' lang='lat' dir='ltr'>ordinarias</span> <span class='ocrx_word' id='word_1_115' title='bbox 974 2392 1123 2428; x_wconf 81' lang='lat' dir='ltr'>audiuit</span> <span class='ocrx_word' id='word_1_116' title='bbox 1152 2392 1242 2428; x_wconf 86' lang='lat' dir='ltr'>lioet</span> <span class='ocrx_word' id='word_1_117' title='bbox 1270 2404 1344 2428; x_wconf 88' lang='lat' dir='ltr'>non</span> <span class='ocrx_word' id='word_1_118' title='bbox 1374 2393 1528 2429; x_wconf 87' lang='lat' dir='ltr'>omnino</span> <span class='ocrx_word' id='word_1_119' title='bbox 1556 2394 1761 2430; x_wconf 85' lang='lat' dir='ltr'>secundum</span> 
     </span>
     <span class='ocr_line' id='line_1_31' title="bbox 306 2449 1763 2496; baseline 0.001 -10"><span class='ocrx_word' id='word_1_120' title='bbox 306 2450 465 2486; x_wconf 78' lang='lat' dir='ltr'>formam</span> <span class='ocrx_word' id='word_1_121' title='bbox 497 2450 634 2486; x_wconf 80' lang='lat' dir='ltr'>statuti</span> <span class='ocrx_word' id='word_1_122' title='bbox 675 2450 836 2486; x_wconf 75' lang='lat' dir='ltr'>sufficiat</span> <span class='ocrx_word' id='word_1_123' title='bbox 867 2450 902 2485; x_wconf 89' lang='lat' dir='ltr'>ei</span> <span class='ocrx_word' id='word_1_124' title='bbox 934 2449 983 2486; x_wconf 79' lang='lat' dir='ltr'>ad</span> <span class='ocrx_word' id='word_1_125' title='bbox 1015 2449 1272 2496; x_wconf 87' lang='lat' dir='ltr'>incipiendum</span> <span class='ocrx_word' id='word_1_126' title='bbox 1305 2450 1344 2486; x_wconf 88' lang='lat' dir='ltr'>in</span> <span class='ocrx_word' id='word_1_127' title='bbox 1376 2451 1524 2487; x_wconf 76' lang='lat' dir='ltr'>artibus</span> <span class='ocrx_word' id='word_1_128' title='bbox 1561 2454 1601 2487; x_wconf 89' lang='lat' dir='ltr'>et</span> <span class='ocrx_word' id='word_1_129' title='bbox 1638 2452 1763 2488; x_wconf 80' lang='lat' dir='ltr'>soluat</span> 
     </span>
     <span class='ocr_line' id='line_1_32' title="bbox 306 2508 671 2544; baseline 0 0"><span class='ocrx_word' id='word_1_130' title='bbox 306 2508 544 2544; x_wconf 77' lang='lat' dir='ltr'>vniuersitati</span> <span class='ocrx_word' id='word_1_131' title='bbox 570 2520 671 2544; x_wconf 83' lang='lat' dir='ltr'>xxxs</span> 
     </span>
    </p>

    <p class='ocr_par' dir='ltr' id='par_1_9' title="bbox 212 2566 1761 2780">
     <span class='ocr_line' id='line_1_33' title="bbox 212 2566 1761 2615; baseline 0.003 -13"><span class='ocrx_word' id='word_1_132' title='bbox 212 2567 312 2603; x_wconf 89' lang='lat' dir='ltr'>Item</span> <span class='ocrx_word' id='word_1_133' title='bbox 329 2566 545 2603; x_wconf 72' lang='lat' dir='ltr'>conceditur</span> <span class='ocrx_word' id='word_1_134' title='bbox 561 2566 694 2613; x_wconf 86' lang='lat' dir='ltr'>Egidio</span> <span class='ocrx_word' id='word_1_135' title='bbox 712 2567 887 2603; x_wconf 83' lang='lat' dir='ltr'>Bonskell</span> <span class='ocrx_word' id='word_1_136' title='bbox 904 2570 946 2602; x_wconf 90' lang='lat' dir='ltr'>vt</span> <span class='ocrx_word' id='word_1_137' title='bbox 962 2579 1026 2603; x_wconf 85' lang='lat' dir='ltr'>sex</span> <span class='ocrx_word' id='word_1_138' title='bbox 1043 2568 1195 2604; x_wconf 88' lang='lat' dir='ltr'>termini</span> <span class='ocrx_word' id='word_1_139' title='bbox 1220 2572 1306 2615; x_wconf 89' lang='lat' dir='ltr'>post</span> <span class='ocrx_word' id='word_1_140' title='bbox 1323 2569 1472 2604; x_wconf 83' lang='lat' dir='ltr'>finalem</span> <span class='ocrx_word' id='word_1_141' title='bbox 1489 2570 1570 2606; x_wconf 87' lang='lat' dir='ltr'>eius</span> <span class='ocrx_word' id='word_1_142' title='bbox 1586 2570 1761 2607; x_wconf 74' lang='lat' dir='ltr'>determi-</span> 
     </span>
     <span class='ocr_line' id='line_1_34' title="bbox 306 2625 1761 2678; baseline 0.004 -17"><span class='ocrx_word' id='word_1_143' title='bbox 306 2626 497 2662; x_wconf 78' lang='lat' dir='ltr'>nationem</span> <span class='ocrx_word' id='word_1_144' title='bbox 520 2626 559 2662; x_wconf 91' lang='lat' dir='ltr'>in</span> <span class='ocrx_word' id='word_1_145' title='bbox 581 2625 720 2673; x_wconf 86' lang='lat' dir='ltr'>quibus</span> <span class='ocrx_word' id='word_1_146' title='bbox 743 2626 921 2662; x_wconf 84' lang='lat' dir='ltr'>lectiones</span> <span class='ocrx_word' id='word_1_147' title='bbox 943 2627 1150 2663; x_wconf 81' lang='lat' dir='ltr'>ordinarias</span> <span class='ocrx_word' id='word_1_148' title='bbox 1169 2628 1318 2664; x_wconf 77' lang='lat' dir='ltr'>audiuit</span> <span class='ocrx_word' id='word_1_149' title='bbox 1334 2640 1400 2676; x_wconf 91' lang='lat' dir='ltr'>per</span> <span class='ocrx_word' id='word_1_150' title='bbox 1417 2630 1594 2666; x_wconf 77' lang='lat' dir='ltr'>maiorem</span> <span class='ocrx_word' id='word_1_151' title='bbox 1614 2634 1761 2678; x_wconf 79' lang='lat' dir='ltr'>partem</span> 
     </span>
     <span class='ocr_line' id='line_1_35' title="bbox 307 2684 1761 2736; baseline 0.003 -15"><span class='ocrx_word' id='word_1_152' title='bbox 307 2686 347 2721; x_wconf 92' lang='lat' dir='ltr'>in</span> <span class='ocrx_word' id='word_1_153' title='bbox 375 2688 458 2721; x_wconf 87' lang='lat' dir='ltr'>toto</span> <span class='ocrx_word' id='word_1_154' title='bbox 485 2697 572 2721; x_wconf 90' lang='lat' dir='ltr'>cum</span> <span class='ocrx_word' id='word_1_155' title='bbox 600 2684 723 2722; x_wconf 84' lang='lat' dir='ltr'>tribus</span> <span class='ocrx_word' id='word_1_156' title='bbox 750 2686 1054 2732; x_wconf 79' lang='lat' dir='ltr'>responsionibus</span> <span class='ocrx_word' id='word_1_157' title='bbox 1081 2687 1269 2723; x_wconf 81' lang='lat' dir='ltr'>sufficiant</span> <span class='ocrx_word' id='word_1_158' title='bbox 1297 2688 1330 2723; x_wconf 89' lang='lat' dir='ltr'>ei</span> <span class='ocrx_word' id='word_1_159' title='bbox 1359 2688 1408 2724; x_wconf 77' lang='lat' dir='ltr'>ad</span> <span class='ocrx_word' id='word_1_160' title='bbox 1438 2689 1693 2736; x_wconf 80' lang='lat' dir='ltr'>incipiendum</span> <span class='ocrx_word' id='word_1_161' title='bbox 1722 2691 1761 2726; x_wconf 92' lang='lat' dir='ltr'>in</span> 
     </span>
     <span class='ocr_line' id='line_1_36' title="bbox 307 2742 1707 2780; baseline 0.001 -1"><span class='ocrx_word' id='word_1_162' title='bbox 307 2742 453 2780; x_wconf 79' lang='lat' dir='ltr'>artibus</span> <span class='ocrx_word' id='word_1_163' title='bbox 1704 2745 1707 2750; x_wconf 82' lang='grc'><strong>’</strong></span> 
     </span>
    </p>

    <p class='ocr_par' dir='ltr' id='par_1_10' title="bbox 214 2801 1605 2854">
     <span class='ocr_line' id='line_1_37' title="bbox 214 2801 1605 2854; baseline 0.004 -16"><span class='ocrx_word' id='word_1_164' title='bbox 214 2801 356 2838; x_wconf 81' lang='lat' dir='ltr'>Eadem</span> <span class='ocrx_word' id='word_1_165' title='bbox 383 2802 504 2849; x_wconf 82' lang='lat' dir='ltr'>gratia</span> <span class='ocrx_word' id='word_1_166' title='bbox 528 2801 576 2839; x_wconf 91' lang='lat' dir='ltr'>de</span> <span class='ocrx_word' id='word_1_167' title='bbox 603 2802 716 2839; x_wconf 88' lang='lat' dir='ltr'>verbo</span> <span class='ocrx_word' id='word_1_168' title='bbox 744 2803 784 2839; x_wconf 89' lang='lat' dir='ltr'>in</span> <span class='ocrx_word' id='word_1_169' title='bbox 811 2803 967 2840; x_wconf 89' lang='lat' dir='ltr'>verbum</span> <span class='ocrx_word' id='word_1_170' title='bbox 995 2804 1213 2841; x_wconf 76' lang='lat' dir='ltr'>conceditur</span> <span class='ocrx_word' id='word_1_171' title='bbox 1239 2805 1392 2842; x_wconf 90' lang='lat' dir='ltr'>domino</span> <span class='ocrx_word' id='word_1_172' title='bbox 1416 2806 1605 2854; x_wconf 81' lang='lat' dir='ltr'>Dyloocke</span> 
     </span>
    </p>
   </div>
   <div class='ocr_carea' id='block_1_7' title="bbox 302 2895 1661 2943">
    <p class='ocr_par' dir='ltr' id='par_1_11' title="bbox 302 2895 1661 2943">
     <span class='ocr_line' id='line_1_38' title="bbox 302 2895 1661 2943; baseline 0.004 -14"><span class='ocrx_word' id='word_1_173' title='bbox 302 2896 316 2919; x_wconf 83' lang='lat'>²</span> <span class='ocrx_word' id='word_1_174' title='bbox 338 2895 450 2929; x_wconf 83' lang='lat' dir='ltr'>These</span> <span class='ocrx_word' id='word_1_175' title='bbox 466 2906 586 2930; x_wconf 74' lang='lat' dir='ltr'>names</span> <span class='ocrx_word' id='word_1_176' title='bbox 601 2907 661 2931; x_wconf 74' lang='lat' dir='ltr'>are</span> <span class='ocrx_word' id='word_1_177' title='bbox 676 2898 812 2932; x_wconf 78' lang='lat' dir='ltr'>written</span> <span class='ocrx_word' id='word_1_178' title='bbox 828 2898 995 2940; x_wconf 75' lang='lat' dir='ltr'>sideways</span> <span class='ocrx_word' id='word_1_179' title='bbox 1009 2899 1113 2941; x_wconf 75' lang='lat' dir='ltr'>along</span> <span class='ocrx_word' id='word_1_180' title='bbox 1129 2899 1189 2932; x_wconf 77' lang='lat' dir='ltr'>the</span> <span class='ocrx_word' id='word_1_181' title='bbox 1205 2900 1339 2933; x_wconf 79' lang='lat' dir='ltr'>bottom</span> <span class='ocrx_word' id='word_1_182' title='bbox 1355 2901 1439 2943; x_wconf 81' lang='lat' dir='ltr'>edge</span> <span class='ocrx_word' id='word_1_183' title='bbox 1454 2902 1492 2934; x_wconf 78' lang='lat' dir='ltr'>or</span> <span class='ocrx_word' id='word_1_184' title='bbox 1507 2903 1552 2934; x_wconf 77' lang='lat' dir='ltr'>to.</span> <span class='ocrx_word' id='word_1_185' title='bbox 1572 2904 1613 2936; x_wconf 82' lang='lat'>17</span> <span class='ocrx_word' id='word_1_186' title='bbox 1629 2912 1661 2935; x_wconf 70' lang='lat' dir='ltr'>a.</span> 
     </span>
    </p>
   </div>
  </div>
 </body>
</html>
