<?xml version="1.0" encoding="UTF-8"?>
<!DOCTYPE html PUBLIC "-//W3C//DTD XHTML 1.0 Transitional//EN"
    "http://www.w3.org/TR/xhtml1/DTD/xhtml1-transitional.dtd">
<html xmlns="http://www.w3.org/1999/xhtml" xml:lang="en" lang="en">
 <head>
  <title>
</title>
<meta http-equiv="Content-Type" content="text/html;charset=utf-8" />
  <meta name='ocr-system' content='tesseract 3.04.00' />
  <meta name='ocr-capabilities' content='ocr_page ocr_carea ocr_par ocr_line ocrx_word'/>
</head>
<body>
  <div class='ocr_page' id='page_1' title='image "./gracebookdeltaco00univuoft_0043.png"; bbox 0 0 2002 3236; ppageno 0'>
   <div class='ocr_carea' id='block_1_1' title="bbox 194 147 1738 204">
    <p class='ocr_par' dir='ltr' id='par_1_1' title="bbox 194 147 1738 204">
     <span class='ocr_line' id='line_1_1' title="bbox 194 147 1738 204; baseline 0 -14"><span class='ocrx_word' id='word_1_1' title='bbox 194 147 412 204; x_wconf 80' lang='lat'>1542-43]</span> <span class='ocrx_word' id='word_1_2' title='bbox 768 158 921 191; x_wconf 65' lang='lat' dir='ltr'><strong>omos</strong></span> <span class='ocrx_word' id='word_1_3' title='bbox 950 158 1077 190; x_wconf 81' lang='lat' dir='ltr'>BOOK</span> <span class='ocrx_word' id='word_1_4' title='bbox 1107 160 1138 190; x_wconf 81' lang='grc' dir='ltr'><strong>Δ</strong></span> <span class='ocrx_word' id='word_1_5' title='bbox 1712 149 1738 191; x_wconf 92' lang='grc'><strong>9</strong></span> 
     </span>
    </p>
   </div>
   <div class='ocr_carea' id='block_1_2' title="bbox 183 261 1741 2126">
    <p class='ocr_par' dir='ltr' id='par_1_2' title="bbox 285 261 1740 358">
     <span class='ocr_line' id='line_1_2' title="bbox 285 261 1740 310; baseline -0.001 -12"><span class='ocrx_word' id='word_1_6' title='bbox 285 262 357 298; x_wconf 85' lang='lat' dir='ltr'><strong>sub</strong></span> <span class='ocrx_word' id='word_1_7' title='bbox 393 274 489 310; x_wconf 86' lang='lat' dir='ltr'><strong>pena</strong></span> <span class='ocrx_word' id='word_1_8' title='bbox 521 268 582 298; x_wconf 74' lang='lat' dir='ltr'><strong>xx⁸</strong></span> <span class='ocrx_word' id='word_1_9' title='bbox 613 262 803 298; x_wconf 89' lang='lat' dir='ltr'><strong>communi</strong></span> <span class='ocrx_word' id='word_1_10' title='bbox 832 263 936 298; x_wconf 86' lang='lat' dir='ltr'><strong>cistae</strong></span> <span class='ocrx_word' id='word_1_11' title='bbox 969 262 1192 309; x_wconf 81' lang='lat' dir='ltr'><strong>applicanda</strong></span> <span class='ocrx_word' id='word_1_12' title='bbox 1225 266 1313 297; x_wconf 85' lang='lat' dir='ltr'><strong>ante</strong></span> <span class='ocrx_word' id='word_1_13' title='bbox 1345 261 1538 297; x_wconf 89' lang='lat' dir='ltr'><strong>commitia</strong></span> <span class='ocrx_word' id='word_1_14' title='bbox 1571 261 1740 308; x_wconf 81' lang='lat' dir='ltr'><strong>proxima</strong></span> 
     </span>
     <span class='ocr_line' id='line_1_3' title="bbox 286 321 1123 358; baseline 0 -2"><span class='ocrx_word' id='word_1_15' title='bbox 286 321 499 357; x_wconf 77' lang='lat' dir='ltr'><strong>variaturus</strong></span> <span class='ocrx_word' id='word_1_16' title='bbox 523 322 597 357; x_wconf 89' lang='lat' dir='ltr'><strong>nisi</strong></span> <span class='ocrx_word' id='word_1_17' title='bbox 623 322 808 357; x_wconf 89' lang='lat' dir='ltr'><strong>terminus</strong></span> <span class='ocrx_word' id='word_1_18' title='bbox 833 321 1040 358; x_wconf 87' lang='lat' dir='ltr'><strong>dissolutus</strong></span> <span class='ocrx_word' id='word_1_19' title='bbox 1064 325 1123 357; x_wconf 87' lang='lat' dir='ltr'><strong>est</strong></span> 
     </span>
    </p>

    <p class='ocr_par' dir='ltr' id='par_1_3' title="bbox 193 379 1741 603">
     <span class='ocr_line' id='line_1_4' title="bbox 193 379 1741 428; baseline -0.001 -13"><span class='ocrx_word' id='word_1_20' title='bbox 193 379 292 415; x_wconf 89' lang='lat' dir='ltr'><strong>Item</strong></span> <span class='ocrx_word' id='word_1_21' title='bbox 324 380 541 416; x_wconf 80' lang='lat' dir='ltr'><strong>conceditur</strong></span> <span class='ocrx_word' id='word_1_22' title='bbox 565 381 746 426; x_wconf 84' lang='lat' dir='ltr'><strong>magistro</strong></span> <span class='ocrx_word' id='word_1_23' title='bbox 775 380 887 428; x_wconf 88' lang='lat' dir='ltr'><strong>Odyll</strong></span> <span class='ocrx_word' id='word_1_24' title='bbox 914 384 956 416; x_wconf 92' lang='lat' dir='ltr'><strong>vt</strong></span> <span class='ocrx_word' id='word_1_25' title='bbox 979 381 1136 417; x_wconf 78' lang='lat' dir='ltr'><strong>variatio</strong></span> <span class='ocrx_word' id='word_1_26' title='bbox 1165 381 1246 416; x_wconf 88' lang='lat' dir='ltr'><strong>eius</strong></span> <span class='ocrx_word' id='word_1_27' title='bbox 1274 380 1321 416; x_wconf 85' lang='lat' dir='ltr'><strong>ad</strong></span> <span class='ocrx_word' id='word_1_28' title='bbox 1351 391 1465 427; x_wconf 87' lang='lat' dir='ltr'><strong>quam</strong></span> <span class='ocrx_word' id='word_1_29' title='bbox 1493 381 1644 414; x_wconf 83' lang='lat' dir='ltr'><strong>tenetur</strong></span> <span class='ocrx_word' id='word_1_30' title='bbox 1671 379 1741 414; x_wconf 92' lang='lat' dir='ltr'><strong>hoc</strong></span> 
     </span>
     <span class='ocr_line' id='line_1_5' title="bbox 285 432 1740 486; baseline -0.001 -12"><span class='ocrx_word' id='word_1_31' title='bbox 285 450 384 474; x_wconf 88' lang='lat' dir='ltr'><strong>anno</strong></span> <span class='ocrx_word' id='word_1_32' title='bbox 400 442 524 486; x_wconf 89' lang='lat' dir='ltr'><strong>preter</strong></span> <span class='ocrx_word' id='word_1_33' title='bbox 540 439 644 474; x_wconf 86' lang='lat' dir='ltr'><strong>illam</strong></span> <span class='ocrx_word' id='word_1_34' title='bbox 661 439 708 475; x_wconf 80' lang='lat' dir='ltr'><strong>ad</strong></span> <span class='ocrx_word' id='word_1_35' title='bbox 731 451 846 486; x_wconf 87' lang='lat' dir='ltr'><strong>quam</strong></span> <span class='ocrx_word' id='word_1_36' title='bbox 868 442 1021 476; x_wconf 88' lang='lat' dir='ltr'><strong>tenetur</strong></span> <span class='ocrx_word' id='word_1_37' title='bbox 1043 439 1081 475; x_wconf 87' lang='lat' dir='ltr'><strong>in</strong></span> <span class='ocrx_word' id='word_1_38' title='bbox 1105 439 1166 475; x_wconf 91' lang='lat' dir='ltr'><strong>die</strong></span> <span class='ocrx_word' id='word_1_39' title='bbox 1187 439 1466 475; x_wconf 87' lang='lat' dir='ltr'><strong>commitiorum</strong></span> <span class='ocrx_word' id='word_1_40' title='bbox 1486 437 1681 474; x_wconf 85' lang='lat' dir='ltr'><strong>differatur</strong></span> <span class='ocrx_word' id='word_1_41' title='bbox 1701 432 1740 472; x_wconf 86' lang='lat' dir='ltr'><strong>in</strong></span> 
     </span>
     <span class='ocr_line' id='line_1_6' title="bbox 285 496 1741 545; baseline -0.002 -12"><span class='ocrx_word' id='word_1_42' title='bbox 285 498 495 544; x_wconf 85' lang='lat' dir='ltr'><strong>proximum</strong></span> <span class='ocrx_word' id='word_1_43' title='bbox 532 498 588 534; x_wconf 89' lang='lat' dir='ltr'><strong>ita</strong></span> <span class='ocrx_word' id='word_1_44' title='bbox 627 498 728 545; x_wconf 90' lang='lat' dir='ltr'><strong>quod</strong></span> <span class='ocrx_word' id='word_1_45' title='bbox 763 498 979 545; x_wconf 87' lang='lat' dir='ltr'><strong>perficiatur</strong></span> <span class='ocrx_word' id='word_1_46' title='bbox 1017 500 1106 533; x_wconf 84' lang='lat' dir='ltr'><strong>ante</strong></span> <span class='ocrx_word' id='word_1_47' title='bbox 1145 497 1286 533; x_wconf 85' lang='lat' dir='ltr'><strong>festum</strong></span> <span class='ocrx_word' id='word_1_48' title='bbox 1320 496 1459 533; x_wconf 86' lang='lat' dir='ltr'><strong>natalis</strong></span> <span class='ocrx_word' id='word_1_49' title='bbox 1491 496 1633 532; x_wconf 78' lang='lat' dir='ltr'>Christi</span> <span class='ocrx_word' id='word_1_50' title='bbox 1669 496 1741 531; x_wconf 86' lang='lat' dir='ltr'><strong>suh</strong></span> 
     </span>
     <span class='ocr_line' id='line_1_7' title="bbox 283 556 1633 603; baseline -0.001 -11"><span class='ocrx_word' id='word_1_51' title='bbox 283 567 380 603; x_wconf 87' lang='lat' dir='ltr'><strong>pena</strong></span> <span class='ocrx_word' id='word_1_52' title='bbox 396 562 456 592; x_wconf 84' lang='lat' dir='ltr'><strong>xx·</strong></span> <span class='ocrx_word' id='word_1_53' title='bbox 472 559 561 592; x_wconf 86' lang='lat' dir='ltr'><strong>ante</strong></span> <span class='ocrx_word' id='word_1_54' title='bbox 578 557 771 593; x_wconf 88' lang='lat' dir='ltr'><strong>commitia</strong></span> <span class='ocrx_word' id='word_1_55' title='bbox 790 557 1003 593; x_wconf 74' lang='lat' dir='ltr'><strong>variaturus</strong></span> <span class='ocrx_word' id='word_1_56' title='bbox 1021 557 1091 592; x_wconf 89' lang='lat' dir='ltr'><strong>nisi</strong></span> <span class='ocrx_word' id='word_1_57' title='bbox 1111 557 1296 593; x_wconf 89' lang='lat' dir='ltr'><strong>terminus</strong></span> <span class='ocrx_word' id='word_1_58' title='bbox 1312 556 1519 592; x_wconf 88' lang='lat' dir='ltr'><strong>dissolutus</strong></span> <span class='ocrx_word' id='word_1_59' title='bbox 1534 559 1633 591; x_wconf 85' lang='lat' dir='ltr'><strong>esset</strong></span> 
     </span>
    </p>

    <p class='ocr_par' dir='ltr' id='par_1_4' title="bbox 191 614 1741 897">
     <span class='ocr_line' id='line_1_8' title="bbox 191 614 1740 663; baseline -0.001 -13"><span class='ocrx_word' id='word_1_60' title='bbox 191 614 288 650; x_wconf 83' lang='lat' dir='ltr'><strong>Item</strong></span> <span class='ocrx_word' id='word_1_61' title='bbox 314 615 531 651; x_wconf 73' lang='lat' dir='ltr'><strong>conceditur</strong></span> <span class='ocrx_word' id='word_1_62' title='bbox 559 615 696 652; x_wconf 83' lang='lat' dir='ltr'><strong>Joanni</strong></span> <span class='ocrx_word' id='word_1_63' title='bbox 726 617 828 652; x_wconf 85' lang='lat' dir='ltr'><strong>Mere</strong></span> <span class='ocrx_word' id='word_1_64' title='bbox 860 619 902 652; x_wconf 90' lang='lat' dir='ltr'><strong>vt</strong></span> <span class='ocrx_word' id='word_1_65' title='bbox 928 616 1104 663; x_wconf 80' lang='lat' dir='ltr'><strong>deinceps</strong></span> <span class='ocrx_word' id='word_1_66' title='bbox 1132 615 1292 663; x_wconf 88' lang='lat' dir='ltr'><strong>gaudere</strong></span> <span class='ocrx_word' id='word_1_67' title='bbox 1320 616 1442 663; x_wconf 78' lang='lat' dir='ltr'><strong>possit</strong></span> <span class='ocrx_word' id='word_1_68' title='bbox 1465 618 1504 650; x_wconf 92' lang='lat' dir='ltr'><strong>et</strong></span> <span class='ocrx_word' id='word_1_69' title='bbox 1532 614 1587 650; x_wconf 89' lang='lat' dir='ltr'><strong>vti</strong></span> <span class='ocrx_word' id='word_1_70' title='bbox 1614 616 1740 650; x_wconf 81' lang='lat' dir='ltr'><strong>vestra</strong></span> 
     </span>
     <span class='ocr_line' id='line_1_9' title="bbox 282 671 1741 720; baseline -0.001 -12"><span class='ocrx_word' id='word_1_71' title='bbox 282 672 513 708; x_wconf 73' lang='lat' dir='ltr'><strong>authoritate</strong></span> <span class='ocrx_word' id='word_1_72' title='bbox 545 673 666 709; x_wconf 83' lang='lat' dir='ltr'><strong>officio</strong></span> <span class='ocrx_word' id='word_1_73' title='bbox 699 674 891 720; x_wconf 86' lang='lat' dir='ltr'><strong>regestrali</strong></span> <span class='ocrx_word' id='word_1_74' title='bbox 923 674 998 709; x_wconf 88' lang='lat' dir='ltr'><strong>iam</strong></span> <span class='ocrx_word' id='word_1_75' title='bbox 1031 673 1098 709; x_wconf 90' lang='lat' dir='ltr'><strong>diu</strong></span> <span class='ocrx_word' id='word_1_76' title='bbox 1126 685 1171 709; x_wconf 89' lang='lat' dir='ltr'><strong>ex</strong></span> <span class='ocrx_word' id='word_1_77' title='bbox 1197 685 1346 709; x_wconf 82' lang='lat' dir='ltr'><strong>recessu</strong></span> <span class='ocrx_word' id='word_1_78' title='bbox 1379 673 1551 720; x_wconf 74' lang='lat' dir='ltr'><strong>magistri</strong></span> <span class='ocrx_word' id='word_1_79' title='bbox 1586 671 1741 708; x_wconf 90' lang='lat' dir='ltr'><strong>Hobbes</strong></span> 
     </span>
     <span class='ocr_line' id='line_1_10' title="bbox 281 731 1740 768; baseline 0 -2"><span class='ocrx_word' id='word_1_80' title='bbox 281 731 371 766; x_wconf 91' lang='lat' dir='ltr'><strong>olim</strong></span> <span class='ocrx_word' id='word_1_81' title='bbox 405 731 536 767; x_wconf 89' lang='lat' dir='ltr'><strong>bedelli</strong></span> <span class='ocrx_word' id='word_1_82' title='bbox 571 735 730 768; x_wconf 86' lang='lat' dir='ltr'><strong>vacante</strong></span> <span class='ocrx_word' id='word_1_83' title='bbox 762 744 847 768; x_wconf 88' lang='lat' dir='ltr'><strong>cum</strong></span> <span class='ocrx_word' id='word_1_84' title='bbox 883 732 1059 768; x_wconf 81' lang='lat' dir='ltr'><strong>omnibus</strong></span> <span class='ocrx_word' id='word_1_85' title='bbox 1087 732 1353 768; x_wconf 78' lang='lat' dir='ltr'><strong>emolumentis</strong></span> <span class='ocrx_word' id='word_1_86' title='bbox 1385 744 1430 768; x_wconf 78' lang='lat' dir='ltr'><strong>ex</strong></span> <span class='ocrx_word' id='word_1_87' title='bbox 1462 731 1591 768; x_wconf 88' lang='lat' dir='ltr'><strong>eodem</strong></span> <span class='ocrx_word' id='word_1_88' title='bbox 1620 731 1740 767; x_wconf 84' lang='lat' dir='ltr'><strong>officio</strong></span> 
     </span>
     <span class='ocr_line' id='line_1_11' title="bbox 281 789 1740 839; baseline 0.001 -14"><span class='ocrx_word' id='word_1_89' title='bbox 281 789 408 836; x_wconf 88' lang='lat' dir='ltr'><strong>aliqua</strong></span> <span class='ocrx_word' id='word_1_90' title='bbox 430 790 577 826; x_wconf 85' lang='lat' dir='ltr'><strong>racione</strong></span> <span class='ocrx_word' id='word_1_91' title='bbox 600 790 907 838; x_wconf 78' lang='lat' dir='ltr'><strong>pervenientibus</strong></span> <span class='ocrx_word' id='word_1_92' title='bbox 958 792 1002 827; x_wconf 92' lang='lat' dir='ltr'><strong>In</strong></span> <span class='ocrx_word' id='word_1_93' title='bbox 1031 791 1142 839; x_wconf 84' lang='lat' dir='ltr'><strong>plena</strong></span> <span class='ocrx_word' id='word_1_94' title='bbox 1164 792 1448 838; x_wconf 84' lang='lat' dir='ltr'><strong>congregatione</strong></span> <span class='ocrx_word' id='word_1_95' title='bbox 1469 791 1678 838; x_wconf 82' lang='lat' dir='ltr'><strong>regentium</strong></span> <span class='ocrx_word' id='word_1_96' title='bbox 1701 793 1740 826; x_wconf 87' lang='lat' dir='ltr'><strong>et</strong></span> 
     </span>
     <span class='ocr_line' id='line_1_12' title="bbox 285 848 1136 897; baseline 0.002 -13"><span class='ocrx_word' id='word_1_97' title='bbox 285 860 359 884; x_wconf 89' lang='lat' dir='ltr'><strong>non</strong></span> <span class='ocrx_word' id='word_1_98' title='bbox 385 848 626 897; x_wconf 87' lang='lat' dir='ltr'><strong>[regentium]</strong></span> <span class='ocrx_word' id='word_1_99' title='bbox 652 852 698 886; x_wconf 83' lang='lat'><strong>26</strong></span> <span class='ocrx_word' id='word_1_100' title='bbox 722 850 893 886; x_wconf 84' lang='lat' dir='ltr'><strong>Januarii</strong></span> <span class='ocrx_word' id='word_1_101' title='bbox 919 862 1018 886; x_wconf 85' lang='lat' dir='ltr'><strong>anno</strong></span> <span class='ocrx_word' id='word_1_102' title='bbox 1045 853 1136 886; x_wconf 82' lang='lat'>1542</span> 
     </span>
    </p>

    <p class='ocr_par' dir='ltr' id='par_1_5' title="bbox 188 907 1739 1074">
     <span class='ocr_line' id='line_1_13' title="bbox 188 907 1736 956; baseline 0.001 -13"><span class='ocrx_word' id='word_1_103' title='bbox 188 907 286 943; x_wconf 86' lang='lat' dir='ltr'><strong>Item</strong></span> <span class='ocrx_word' id='word_1_104' title='bbox 317 908 534 944; x_wconf 88' lang='lat' dir='ltr'><strong>conceditur</strong></span> <span class='ocrx_word' id='word_1_105' title='bbox 558 912 600 944; x_wconf 92' lang='lat' dir='ltr'><strong>vt</strong></span> <span class='ocrx_word' id='word_1_106' title='bbox 628 920 788 956; x_wconf 78' lang='lat' dir='ltr'><strong>expense</strong></span> <span class='ocrx_word' id='word_1_107' title='bbox 814 921 882 956; x_wconf 87' lang='lat' dir='ltr'><strong>per</strong></span> <span class='ocrx_word' id='word_1_108' title='bbox 906 908 1102 945; x_wconf 91' lang='lat' dir='ltr'><strong>dominum</strong></span> <span class='ocrx_word' id='word_1_109' title='bbox 1129 908 1364 955; x_wconf 85' lang='lat' dir='ltr'><strong>Standysshe</strong></span> <span class='ocrx_word' id='word_1_110' title='bbox 1395 908 1736 944; x_wconf 81' lang='lat' dir='ltr'><strong>vicecancellarium</strong></span> 
     </span>
     <span class='ocr_line' id='line_1_14' title="bbox 280 966 1739 1014; baseline 0.001 -12"><span class='ocrx_word' id='word_1_111' title='bbox 280 966 464 1003; x_wconf 86' lang='lat' dir='ltr'><strong>hactenus</strong></span> <span class='ocrx_word' id='word_1_112' title='bbox 485 967 584 1003; x_wconf 86' lang='lat' dir='ltr'><strong>facte</strong></span> <span class='ocrx_word' id='word_1_113' title='bbox 605 971 644 1003; x_wconf 90' lang='lat' dir='ltr'><strong>et</strong></span> <span class='ocrx_word' id='word_1_114' title='bbox 666 979 733 1014; x_wconf 87' lang='lat' dir='ltr'><strong>per</strong></span> <span class='ocrx_word' id='word_1_115' title='bbox 754 967 915 1004; x_wconf 90' lang='lat' dir='ltr'><strong>eundem</strong></span> <span class='ocrx_word' id='word_1_116' title='bbox 940 968 1008 1004; x_wconf 90' lang='lat' dir='ltr'><strong>hoc</strong></span> <span class='ocrx_word' id='word_1_117' title='bbox 1029 968 1191 1004; x_wconf 87' lang='lat' dir='ltr'><strong>termino</strong></span> <span class='ocrx_word' id='word_1_118' title='bbox 1209 967 1329 1003; x_wconf 88' lang='lat' dir='ltr'><strong>fiende</strong></span> <span class='ocrx_word' id='word_1_119' title='bbox 1346 968 1385 1003; x_wconf 92' lang='lat' dir='ltr'><strong>in</strong></span> <span class='ocrx_word' id='word_1_120' title='bbox 1411 968 1573 1014; x_wconf 81' lang='lat' dir='ltr'><strong>negociis</strong></span> <span class='ocrx_word' id='word_1_121' title='bbox 1590 968 1739 1003; x_wconf 90' lang='lat' dir='ltr'><strong>vniuer-</strong></span> 
     </span>
     <span class='ocr_line' id='line_1_15' title="bbox 279 1026 1725 1074; baseline 0 -12"><span class='ocrx_word' id='word_1_122' title='bbox 279 1026 406 1062; x_wconf 88' lang='lat' dir='ltr'><strong>sitatis</strong></span> <span class='ocrx_word' id='word_1_123' title='bbox 431 1026 590 1062; x_wconf 91' lang='lat' dir='ltr'><strong>Londini</strong></span> <span class='ocrx_word' id='word_1_124' title='bbox 616 1027 764 1063; x_wconf 87' lang='lat' dir='ltr'><strong>allocari</strong></span> <span class='ocrx_word' id='word_1_125' title='bbox 792 1027 940 1074; x_wconf 78' lang='lat' dir='ltr'><strong>possint</strong></span> <span class='ocrx_word' id='word_1_126' title='bbox 965 1039 1031 1074; x_wconf 84' lang='lat' dir='ltr'><strong>per</strong></span> <span class='ocrx_word' id='word_1_127' title='bbox 1054 1027 1089 1063; x_wconf 87' lang='lat' dir='ltr'><strong>d.</strong></span> <span class='ocrx_word' id='word_1_128' title='bbox 1118 1027 1333 1063; x_wconf 84' lang='lat' dir='ltr'><strong>Edmondes</strong></span> <span class='ocrx_word' id='word_1_129' title='bbox 1359 1027 1510 1074; x_wconf 83' lang='lat' dir='ltr'><strong>Gylpyn</strong></span> <span class='ocrx_word' id='word_1_130' title='bbox 1535 1031 1574 1063; x_wconf 88' lang='lat' dir='ltr'><strong>et</strong></span> <span class='ocrx_word' id='word_1_131' title='bbox 1600 1026 1725 1074; x_wconf 86' lang='lat' dir='ltr'><strong>Palley</strong></span> 
     </span>
    </p>

    <p class='ocr_par' dir='ltr' id='par_1_6' title="bbox 187 1084 1738 1534">
     <span class='ocr_line' id='line_1_16' title="bbox 187 1084 1738 1121; baseline 0.001 -1"><span class='ocrx_word' id='word_1_132' title='bbox 187 1085 286 1121; x_wconf 86' lang='lat' dir='ltr'><strong>Item</strong></span> <span class='ocrx_word' id='word_1_133' title='bbox 315 1084 532 1121; x_wconf 87' lang='lat' dir='ltr'><strong>conceditur</strong></span> <span class='ocrx_word' id='word_1_134' title='bbox 564 1088 606 1121; x_wconf 87' lang='lat' dir='ltr'><strong>vt</strong></span> <span class='ocrx_word' id='word_1_135' title='bbox 632 1085 809 1121; x_wconf 88' lang='lat' dir='ltr'><strong>dominus</strong></span> <span class='ocrx_word' id='word_1_136' title='bbox 840 1085 1098 1121; x_wconf 86' lang='lat' dir='ltr'><strong>Wintonensis</strong></span> <span class='ocrx_word' id='word_1_137' title='bbox 1126 1085 1371 1121; x_wconf 84' lang='lat' dir='ltr'><strong>cancellarius</strong></span> <span class='ocrx_word' id='word_1_138' title='bbox 1404 1088 1532 1121; x_wconf 87' lang='lat' dir='ltr'><strong>noster</strong></span> <span class='ocrx_word' id='word_1_139' title='bbox 1562 1085 1738 1121; x_wconf 83' lang='lat' dir='ltr'><strong>dominus</strong></span> 
     </span>
     <span class='ocr_line' id='line_1_17' title="bbox 275 1143 1734 1181; baseline 0.001 -2"><span class='ocrx_word' id='word_1_140' title='bbox 275 1143 706 1180; x_wconf 78' lang='lat' dir='ltr'><strong>Westmonasteriensis¹</strong></span> <span class='ocrx_word' id='word_1_141' title='bbox 736 1147 776 1180; x_wconf 91' lang='lat' dir='ltr'><strong>et</strong></span> <span class='ocrx_word' id='word_1_142' title='bbox 804 1143 980 1180; x_wconf 79' lang='lat' dir='ltr'><strong>dominus</strong></span> <span class='ocrx_word' id='word_1_143' title='bbox 1014 1144 1340 1181; x_wconf 83' lang='lat' dir='ltr'><strong>vicecancellarius</strong></span> <span class='ocrx_word' id='word_1_144' title='bbox 1374 1144 1542 1180; x_wconf 81' lang='lat' dir='ltr'><strong>habeant.</strong></span> <span class='ocrx_word' id='word_1_145' title='bbox 1570 1149 1734 1180; x_wconf 86' lang='lat' dir='ltr'><strong>vestram</strong></span> 
     </span>
     <span class='ocr_line' id='line_1_18' title="bbox 279 1202 1738 1251; baseline 0.001 -13"><span class='ocrx_word' id='word_1_146' title='bbox 279 1202 550 1239; x_wconf 72' lang='lat' dir='ltr'><strong>authoritatem</strong></span> <span class='ocrx_word' id='word_1_147' title='bbox 572 1202 802 1250; x_wconf 85' lang='lat' dir='ltr'><strong>transigendi</strong></span> <span class='ocrx_word' id='word_1_148' title='bbox 828 1215 913 1239; x_wconf 90' lang='lat' dir='ltr'><strong>cum</strong></span> <span class='ocrx_word' id='word_1_149' title='bbox 937 1203 1135 1251; x_wconf 85' lang='lat' dir='ltr'><strong>oppidanis</strong></span> <span class='ocrx_word' id='word_1_150' title='bbox 1157 1204 1203 1240; x_wconf 88' lang='lat' dir='ltr'><strong>de</strong></span> <span class='ocrx_word' id='word_1_151' title='bbox 1228 1207 1267 1239; x_wconf 90' lang='lat' dir='ltr'><strong>et</strong></span> <span class='ocrx_word' id='word_1_152' title='bbox 1291 1215 1405 1250; x_wconf 85' lang='lat' dir='ltr'><strong>super</strong></span> <span class='ocrx_word' id='word_1_153' title='bbox 1429 1203 1605 1240; x_wconf 89' lang='lat' dir='ltr'><strong>omnibus</strong></span> <span class='ocrx_word' id='word_1_154' title='bbox 1629 1204 1738 1240; x_wconf 81' lang='lat' dir='ltr'><strong>liber·</strong></span> 
     </span>
     <span class='ocr_line' id='line_1_19' title="bbox 278 1261 1738 1309; baseline 0.001 -12"><span class='ocrx_word' id='word_1_155' title='bbox 278 1261 423 1297; x_wconf 86' lang='lat' dir='ltr'><strong>tatibus</strong></span> <span class='ocrx_word' id='word_1_156' title='bbox 452 1262 588 1298; x_wconf 87' lang='lat' dir='ltr'><strong>vestris</strong></span> <span class='ocrx_word' id='word_1_157' title='bbox 615 1274 711 1309; x_wconf 87' lang='lat' dir='ltr'><strong>quas</strong></span> <span class='ocrx_word' id='word_1_158' title='bbox 736 1262 884 1299; x_wconf 85' lang='lat' dir='ltr'><strong>habetis</strong></span> <span class='ocrx_word' id='word_1_159' title='bbox 913 1263 951 1299; x_wconf 92' lang='lat' dir='ltr'><strong>in</strong></span> <span class='ocrx_word' id='word_1_160' title='bbox 982 1263 1162 1300; x_wconf 88' lang='lat' dir='ltr'><strong>nundinis</strong></span> <span class='ocrx_word' id='word_1_161' title='bbox 1194 1262 1524 1309; x_wconf 86' lang='lat' dir='ltr'><strong>Stirbrigiensibus</strong></span> <span class='ocrx_word' id='word_1_162' title='bbox 1553 1263 1738 1299; x_wconf 84' lang='lat' dir='ltr'><strong>duntaxat</strong></span> 
     </span>
     <span class='ocr_line' id='line_1_20' title="bbox 280 1320 1738 1368; baseline 0.001 -12"><span class='ocrx_word' id='word_1_163' title='bbox 280 1320 342 1356; x_wconf 88' lang='lat' dir='ltr'><strong>Ita</strong></span> <span class='ocrx_word' id='word_1_164' title='bbox 366 1324 408 1356; x_wconf 91' lang='lat' dir='ltr'><strong>vt</strong></span> <span class='ocrx_word' id='word_1_165' title='bbox 433 1320 611 1367; x_wconf 89' lang='lat' dir='ltr'><strong>quicquid</strong></span> <span class='ocrx_word' id='word_1_166' title='bbox 641 1333 771 1357; x_wconf 89' lang='lat' dir='ltr'><strong>omnes</strong></span> <span class='ocrx_word' id='word_1_167' title='bbox 799 1321 851 1357; x_wconf 90' lang='lat' dir='ltr'><strong>hii</strong></span> <span class='ocrx_word' id='word_1_168' title='bbox 877 1333 946 1357; x_wconf 90' lang='lat' dir='ltr'><strong>suo</strong></span> <span class='ocrx_word' id='word_1_169' title='bbox 978 1333 1162 1357; x_wconf 90' lang='lat' dir='ltr'><strong>consensu</strong></span> <span class='ocrx_word' id='word_1_170' title='bbox 1187 1322 1395 1357; x_wconf 86' lang='lat' dir='ltr'><strong>statuerint</strong></span> <span class='ocrx_word' id='word_1_171' title='bbox 1422 1324 1459 1357; x_wconf 88' lang='lat' dir='ltr'><strong>et</strong></span> <span class='ocrx_word' id='word_1_172' title='bbox 1486 1321 1738 1368; x_wconf 89' lang='lat' dir='ltr'><strong>quodcunque</strong></span> 
     </span>
     <span class='ocr_line' id='line_1_21' title="bbox 279 1379 1736 1428; baseline 0.001 -13"><span class='ocrx_word' id='word_1_173' title='bbox 279 1381 433 1426; x_wconf 85' lang='lat' dir='ltr'><strong>pactum</strong></span> <span class='ocrx_word' id='word_1_174' title='bbox 461 1391 547 1415; x_wconf 91' lang='lat' dir='ltr'><strong>cum</strong></span> <span class='ocrx_word' id='word_1_175' title='bbox 574 1379 628 1415; x_wconf 89' lang='lat' dir='ltr'><strong>eis</strong></span> <span class='ocrx_word' id='word_1_176' title='bbox 657 1379 869 1415; x_wconf 87' lang='lat' dir='ltr'><strong>invenerint</strong></span> <span class='ocrx_word' id='word_1_177' title='bbox 899 1382 1024 1416; x_wconf 86' lang='lat' dir='ltr'><strong>ratum</strong></span> <span class='ocrx_word' id='word_1_178' title='bbox 1051 1379 1224 1416; x_wconf 83' lang='lat' dir='ltr'><strong>habeatis</strong></span> <span class='ocrx_word' id='word_1_179' title='bbox 1249 1387 1288 1416; x_wconf 89' lang='lat' dir='ltr'><strong>et</strong></span> <span class='ocrx_word' id='word_1_180' title='bbox 1317 1393 1384 1428; x_wconf 86' lang='lat' dir='ltr'><strong>pro</strong></span> <span class='ocrx_word' id='word_1_181' title='bbox 1411 1384 1536 1416; x_wconf 88' lang='lat' dir='ltr'><strong>vestro</strong></span> <span class='ocrx_word' id='word_1_182' title='bbox 1566 1381 1736 1416; x_wconf 88' lang='lat' dir='ltr'><strong>omnium</strong></span> 
     </span>
     <span class='ocr_line' id='line_1_22' title="bbox 278 1439 1738 1488; baseline 0.001 -14"><span class='ocrx_word' id='word_1_183' title='bbox 278 1439 377 1475; x_wconf 78' lang='lat' dir='ltr'><strong>sacto</strong></span> <span class='ocrx_word' id='word_1_184' title='bbox 401 1442 575 1475; x_wconf 89' lang='lat' dir='ltr'><strong>teneatur</strong></span> <span class='ocrx_word' id='word_1_185' title='bbox 596 1439 651 1474; x_wconf 90' lang='lat' dir='ltr'><strong>sic</strong></span> <span class='ocrx_word' id='word_1_186' title='bbox 673 1441 716 1474; x_wconf 89' lang='lat' dir='ltr'><strong>vt</strong></span> <span class='ocrx_word' id='word_1_187' title='bbox 740 1451 814 1475; x_wconf 92' lang='lat' dir='ltr'><strong>non</strong></span> <span class='ocrx_word' id='word_1_188' title='bbox 838 1440 890 1475; x_wconf 90' lang='lat' dir='ltr'><strong>sit</strong></span> <span class='ocrx_word' id='word_1_189' title='bbox 906 1439 1045 1476; x_wconf 89' lang='lat' dir='ltr'><strong>damno</strong></span> <span class='ocrx_word' id='word_1_190' title='bbox 1061 1443 1100 1476; x_wconf 90' lang='lat' dir='ltr'><strong>et</strong></span> <span class='ocrx_word' id='word_1_191' title='bbox 1117 1439 1345 1476; x_wconf 86' lang='lat' dir='ltr'><strong>detrimento</strong></span> <span class='ocrx_word' id='word_1_192' title='bbox 1362 1440 1552 1486; x_wconf 82' lang='lat' dir='ltr'><strong>magistris</strong></span> <span class='ocrx_word' id='word_1_193' title='bbox 1573 1440 1738 1488; x_wconf 83' lang='lat' dir='ltr'><strong>Brygges</strong></span> 
     </span>
     <span class='ocr_line' id='line_1_23' title="bbox 280 1497 488 1534; baseline 0 -1"><span class='ocrx_word' id='word_1_194' title='bbox 280 1500 319 1533; x_wconf 90' lang='lat' dir='ltr'><strong>et</strong></span> <span class='ocrx_word' id='word_1_195' title='bbox 344 1497 488 1534; x_wconf 87' lang='lat' dir='ltr'><strong>Sandes</strong></span> 
     </span>
    </p>

    <p class='ocr_par' dir='ltr' id='par_1_7' title="bbox 185 1553 1737 2016">
     <span class='ocr_line' id='line_1_24' title="bbox 185 1553 1736 1604; baseline 0 -12"><span class='ocrx_word' id='word_1_196' title='bbox 185 1555 283 1592; x_wconf 83' lang='lat' dir='ltr'><strong>Item</strong></span> <span class='ocrx_word' id='word_1_197' title='bbox 316 1555 534 1592; x_wconf 84' lang='lat' dir='ltr'><strong>conceditur</strong></span> <span class='ocrx_word' id='word_1_198' title='bbox 565 1558 607 1591; x_wconf 88' lang='lat' dir='ltr'><strong>vt</strong></span> <span class='ocrx_word' id='word_1_199' title='bbox 635 1553 671 1591; x_wconf 86' lang='lat' dir='ltr'><strong>d.</strong></span> <span class='ocrx_word' id='word_1_200' title='bbox 703 1554 841 1602; x_wconf 85' lang='lat' dir='ltr'><strong>Blythe</strong></span> <span class='ocrx_word' id='word_1_201' title='bbox 875 1555 1044 1602; x_wconf 86' lang='lat' dir='ltr'><strong>magistri</strong></span> <span class='ocrx_word' id='word_1_202' title='bbox 1079 1555 1309 1603; x_wconf 83' lang='lat' dir='ltr'><strong>Swynborne</strong></span> <span class='ocrx_word' id='word_1_203' title='bbox 1341 1559 1381 1592; x_wconf 90' lang='lat' dir='ltr'><strong>et</strong></span> <span class='ocrx_word' id='word_1_204' title='bbox 1412 1556 1661 1604; x_wconf 88' lang='lat' dir='ltr'><strong>Aynsworthe</strong></span> <span class='ocrx_word' id='word_1_205' title='bbox 1689 1556 1736 1592; x_wconf 89' lang='lat' dir='ltr'><strong>de</strong></span> 
     </span>
     <span class='ocr_line' id='line_1_25' title="bbox 277 1614 1735 1662; baseline 0.001 -12"><span class='ocrx_word' id='word_1_206' title='bbox 277 1615 429 1662; x_wconf 88' lang='lat' dir='ltr'><strong>collegio</strong></span> <span class='ocrx_word' id='word_1_207' title='bbox 452 1614 554 1651; x_wconf 88' lang='lat' dir='ltr'><strong>Petri</strong></span> <span class='ocrx_word' id='word_1_208' title='bbox 578 1618 617 1650; x_wconf 91' lang='lat' dir='ltr'><strong>et</strong></span> <span class='ocrx_word' id='word_1_209' title='bbox 643 1614 794 1662; x_wconf 84' lang='lat' dir='ltr'><strong>Gylpyn</strong></span> <span class='ocrx_word' id='word_1_210' title='bbox 819 1615 898 1650; x_wconf 85' lang='lat' dir='ltr'><strong>sint</strong></span> <span class='ocrx_word' id='word_1_211' title='bbox 918 1615 1060 1651; x_wconf 89' lang='lat' dir='ltr'><strong>iudices</strong></span> <span class='ocrx_word' id='word_1_212' title='bbox 1082 1614 1243 1662; x_wconf 85' lang='lat' dir='ltr'><strong>delegati</strong></span> <span class='ocrx_word' id='word_1_213' title='bbox 1269 1615 1385 1651; x_wconf 84' lang='lat' dir='ltr'><strong>vestri</strong></span> <span class='ocrx_word' id='word_1_214' title='bbox 1409 1616 1493 1662; x_wconf 89' lang='lat' dir='ltr'><strong>(sic)</strong></span> <span class='ocrx_word' id='word_1_215' title='bbox 1519 1616 1671 1651; x_wconf 89' lang='lat' dir='ltr'><strong>nomine</strong></span> <span class='ocrx_word' id='word_1_216' title='bbox 1695 1616 1735 1652; x_wconf 92' lang='lat' dir='ltr'><strong>in</strong></span> 
     </span>
     <span class='ocr_line' id='line_1_26' title="bbox 277 1674 1734 1722; baseline -0.001 -11"><span class='ocrx_word' id='word_1_217' title='bbox 277 1686 390 1711; x_wconf 84' lang='lat' dir='ltr'><strong>causa</strong></span> <span class='ocrx_word' id='word_1_218' title='bbox 406 1675 571 1721; x_wconf 83' lang='lat' dir='ltr'><strong>quadam</strong></span> <span class='ocrx_word' id='word_1_219' title='bbox 583 1674 846 1722; x_wconf 83' lang='lat' dir='ltr'><strong>appellationis</strong></span> <span class='ocrx_word' id='word_1_220' title='bbox 858 1686 932 1721; x_wconf 92' lang='lat' dir='ltr'><strong>que</strong></span> <span class='ocrx_word' id='word_1_221' title='bbox 946 1675 1107 1710; x_wconf 86' lang='lat' dir='ltr'><strong>vertitur</strong></span> <span class='ocrx_word' id='word_1_222' title='bbox 1124 1675 1163 1710; x_wconf 92' lang='lat' dir='ltr'><strong>in</strong></span> <span class='ocrx_word' id='word_1_223' title='bbox 1181 1674 1366 1710; x_wconf 89' lang='lat' dir='ltr'><strong>Thomam</strong></span> <span class='ocrx_word' id='word_1_224' title='bbox 1382 1674 1483 1721; x_wconf 88' lang='lat' dir='ltr'><strong>Kety</strong></span> <span class='ocrx_word' id='word_1_225' title='bbox 1497 1678 1537 1710; x_wconf 88' lang='lat' dir='ltr'><strong>et</strong></span> <span class='ocrx_word' id='word_1_226' title='bbox 1549 1674 1572 1710; x_wconf 87' lang='lat' dir='ltr'><strong>J</strong></span> <span class='ocrx_word' id='word_1_227' title='bbox 1575 1685 1734 1711; x_wconf 87' lang='lat' dir='ltr'><strong>oannem</strong></span> 
     </span>
     <span class='ocr_line' id='line_1_27' title="bbox 276 1733 1735 1781; baseline 0 -11"><span class='ocrx_word' id='word_1_228' title='bbox 276 1734 504 1781; x_wconf 87' lang='lat' dir='ltr'><strong>Whytakers</strong></span> <span class='ocrx_word' id='word_1_229' title='bbox 530 1745 604 1770; x_wconf 89' lang='lat' dir='ltr'><strong>non</strong></span> <span class='ocrx_word' id='word_1_230' title='bbox 630 1733 807 1770; x_wconf 82' lang='lat' dir='ltr'><strong>obstante</strong></span> <span class='ocrx_word' id='word_1_231' title='bbox 839 1734 961 1780; x_wconf 88' lang='lat' dir='ltr'><strong>priore</strong></span> <span class='ocrx_word' id='word_1_232' title='bbox 985 1734 1108 1780; x_wconf 85' lang='lat' dir='ltr'><strong>gratia</strong></span> <span class='ocrx_word' id='word_1_233' title='bbox 1131 1746 1245 1781; x_wconf 88' lang='lat' dir='ltr'><strong>super</strong></span> <span class='ocrx_word' id='word_1_234' title='bbox 1269 1734 1338 1770; x_wconf 85' lang='lat' dir='ltr'><strong>hac</strong></span> <span class='ocrx_word' id='word_1_235' title='bbox 1364 1745 1404 1770; x_wconf 89' lang='lat' dir='ltr'><strong>re</strong></span> <span class='ocrx_word' id='word_1_236' title='bbox 1428 1734 1529 1769; x_wconf 85' lang='lat' dir='ltr'><strong>facta</strong></span> <span class='ocrx_word' id='word_1_237' title='bbox 1556 1735 1735 1780; x_wconf 86' lang='lat' dir='ltr'><strong>quoniam</strong></span> 
     </span>
     <span class='ocr_line' id='line_1_28' title="bbox 276 1792 1735 1841; baseline 0.001 -13"><span class='ocrx_word' id='word_1_238' title='bbox 276 1793 341 1839; x_wconf 92' lang='lat' dir='ltr'><strong>qui</strong></span> <span class='ocrx_word' id='word_1_239' title='bbox 359 1793 464 1840; x_wconf 86' lang='lat' dir='ltr'><strong>prius</strong></span> <span class='ocrx_word' id='word_1_240' title='bbox 480 1793 630 1829; x_wconf 82' lang='lat' dir='ltr'><strong>fuerant</strong></span> <span class='ocrx_word' id='word_1_241' title='bbox 652 1792 812 1839; x_wconf 86' lang='lat' dir='ltr'><strong>delegati</strong></span> <span class='ocrx_word' id='word_1_242' title='bbox 837 1793 1030 1829; x_wconf 88' lang='lat' dir='ltr'><strong>commode</strong></span> <span class='ocrx_word' id='word_1_243' title='bbox 1054 1805 1129 1829; x_wconf 91' lang='lat' dir='ltr'><strong>non</strong></span> <span class='ocrx_word' id='word_1_244' title='bbox 1147 1797 1308 1841; x_wconf 87' lang='lat' dir='ltr'><strong>possunt</strong></span> <span class='ocrx_word' id='word_1_245' title='bbox 1327 1794 1507 1829; x_wconf 76' lang='lat' dir='ltr'><strong>interesse</strong></span> <span class='ocrx_word' id='word_1_246' title='bbox 1531 1794 1586 1829; x_wconf 84' lang='lat' dir='ltr'><strong>ita</strong></span> <span class='ocrx_word' id='word_1_247' title='bbox 1608 1797 1735 1830; x_wconf 86' lang='lat' dir='ltr'><strong>tamen</strong></span> 
     </span>
     <span class='ocr_line' id='line_1_29' title="bbox 276 1851 1737 1899; baseline 0.001 -12"><span class='ocrx_word' id='word_1_248' title='bbox 276 1854 319 1887; x_wconf 91' lang='lat' dir='ltr'><strong>vt</strong></span> <span class='ocrx_word' id='word_1_249' title='bbox 335 1863 380 1887; x_wconf 86' lang='lat' dir='ltr'><strong>ex</strong></span> <span class='ocrx_word' id='word_1_250' title='bbox 402 1851 462 1887; x_wconf 90' lang='lat' dir='ltr'><strong>his</strong></span> <span class='ocrx_word' id='word_1_251' title='bbox 484 1852 550 1899; x_wconf 90' lang='lat' dir='ltr'><strong>qui</strong></span> <span class='ocrx_word' id='word_1_252' title='bbox 575 1851 736 1898; x_wconf 86' lang='lat' dir='ltr'><strong>delegati</strong></span> <span class='ocrx_word' id='word_1_253' title='bbox 760 1863 862 1887; x_wconf 90' lang='lat' dir='ltr'><strong>nunc</strong></span> <span class='ocrx_word' id='word_1_254' title='bbox 882 1855 972 1888; x_wconf 87' lang='lat' dir='ltr'><strong>sunt</strong></span> <span class='ocrx_word' id='word_1_255' title='bbox 995 1852 1026 1888; x_wconf 91' lang='lat' dir='ltr'><strong>si</strong></span> <span class='ocrx_word' id='word_1_256' title='bbox 1050 1864 1180 1888; x_wconf 91' lang='lat' dir='ltr'><strong>omnes</strong></span> <span class='ocrx_word' id='word_1_257' title='bbox 1200 1852 1381 1888; x_wconf 84' lang='lat' dir='ltr'><strong>interesse</strong></span> <span class='ocrx_word' id='word_1_258' title='bbox 1400 1852 1639 1899; x_wconf 84' lang='lat' dir='ltr'><strong>nequiuerint</strong></span> <span class='ocrx_word' id='word_1_259' title='bbox 1660 1853 1737 1889; x_wconf 88' lang='lat' dir='ltr'><strong>duo</strong></span> 
     </span>
     <span class='ocr_line' id='line_1_30' title="bbox 277 1909 1735 1958; baseline 0.001 -13"><span class='ocrx_word' id='word_1_260' title='bbox 277 1909 524 1946; x_wconf 89' lang='lat' dir='ltr'><strong>nihilominus</strong></span> <span class='ocrx_word' id='word_1_261' title='bbox 535 1912 603 1946; x_wconf 89' lang='lat' dir='ltr'><strong>aut</strong></span> <span class='ocrx_word' id='word_1_262' title='bbox 616 1913 693 1945; x_wconf 90' lang='lat' dir='ltr'><strong>tres</strong></span> <span class='ocrx_word' id='word_1_263' title='bbox 710 1910 750 1945; x_wconf 94' lang='lat' dir='ltr'><strong>in</strong></span> <span class='ocrx_word' id='word_1_264' title='bbox 763 1921 877 1946; x_wconf 86' lang='lat' dir='ltr'><strong>causa</strong></span> <span class='ocrx_word' id='word_1_265' title='bbox 893 1910 1098 1957; x_wconf 85' lang='lat' dir='ltr'><strong>procedant</strong></span> <span class='ocrx_word' id='word_1_266' title='bbox 1114 1915 1153 1946; x_wconf 89' lang='lat' dir='ltr'><strong>et</strong></span> <span class='ocrx_word' id='word_1_267' title='bbox 1169 1910 1421 1958; x_wconf 87' lang='lat' dir='ltr'><strong>quodcunque</strong></span> <span class='ocrx_word' id='word_1_268' title='bbox 1434 1910 1486 1946; x_wconf 92' lang='lat' dir='ltr'><strong>hii</strong></span> <span class='ocrx_word' id='word_1_269' title='bbox 1500 1910 1735 1947; x_wconf 85' lang='lat' dir='ltr'><strong>decreuerint</strong></span> 
     </span>
     <span class='ocr_line' id='line_1_31' title="bbox 275 1968 616 2016; baseline 0 -12"><span class='ocrx_word' id='word_1_270' title='bbox 275 1968 313 2004; x_wconf 86' lang='lat' dir='ltr'><strong>id</strong></span> <span class='ocrx_word' id='word_1_271' title='bbox 331 1980 399 2016; x_wconf 90' lang='lat' dir='ltr'><strong>pro</strong></span> <span class='ocrx_word' id='word_1_272' title='bbox 415 1972 540 2004; x_wconf 88' lang='lat' dir='ltr'><strong>vestro</strong></span> <span class='ocrx_word' id='word_1_273' title='bbox 556 1971 616 2005; x_wconf 89' lang='lat' dir='ltr'><strong>etc</strong></span> 
     </span>
    </p>

    <p class='ocr_par' dir='ltr' id='par_1_8' title="bbox 183 2027 1734 2126">
     <span class='ocr_line' id='line_1_32' title="bbox 183 2027 1734 2077; baseline 0.001 -13"><span class='ocrx_word' id='word_1_274' title='bbox 183 2027 282 2064; x_wconf 76' lang='lat' dir='ltr'><strong>Item</strong></span> <span class='ocrx_word' id='word_1_275' title='bbox 298 2027 516 2064; x_wconf 90' lang='lat' dir='ltr'><strong>conceditur</strong></span> <span class='ocrx_word' id='word_1_276' title='bbox 531 2032 574 2064; x_wconf 89' lang='lat' dir='ltr'><strong>vt</strong></span> <span class='ocrx_word' id='word_1_277' title='bbox 589 2029 770 2075; x_wconf 86' lang='lat' dir='ltr'><strong>magister</strong></span> <span class='ocrx_word' id='word_1_278' title='bbox 785 2029 940 2076; x_wconf 87' lang='lat' dir='ltr'><strong>Wylson</strong></span> <span class='ocrx_word' id='word_1_279' title='bbox 957 2030 1078 2077; x_wconf 88' lang='lat' dir='ltr'><strong>possit</strong></span> <span class='ocrx_word' id='word_1_280' title='bbox 1094 2030 1268 2077; x_wconf 86' lang='lat' dir='ltr'><strong>supplere</strong></span> <span class='ocrx_word' id='word_1_281' title='bbox 1285 2030 1384 2066; x_wconf 82' lang='lat' dir='ltr'><strong>vices</strong></span> <span class='ocrx_word' id='word_1_282' title='bbox 1401 2030 1573 2076; x_wconf 88' lang='lat' dir='ltr'><strong>magistri</strong></span> <span class='ocrx_word' id='word_1_283' title='bbox 1597 2029 1734 2066; x_wconf 85' lang='lat' dir='ltr'><strong>Glover</strong></span> 
     </span>
     <span class='ocr_line' id='line_1_33' title="bbox 275 2086 1165 2126; baseline 0.004 -4"><span class='ocrx_word' id='word_1_284' title='bbox 275 2087 315 2123; x_wconf 87' lang='lat' dir='ltr'><strong>in</strong></span> <span class='ocrx_word' id='word_1_285' title='bbox 332 2086 503 2123; x_wconf 85' lang='lat' dir='ltr'><strong>custodia</strong></span> <span class='ocrx_word' id='word_1_286' title='bbox 518 2087 612 2124; x_wconf 89' lang='lat' dir='ltr'><strong>ciste</strong></span> <span class='ocrx_word' id='word_1_287' title='bbox 627 2087 675 2124; x_wconf 90' lang='lat' dir='ltr'><strong>de</strong></span> <span class='ocrx_word' id='word_1_288' title='bbox 692 2088 818 2124; x_wconf 88' lang='lat' dir='ltr'><strong>Fenne</strong></span> <span class='ocrx_word' id='word_1_289' title='bbox 834 2088 904 2124; x_wconf 89' lang='lat' dir='ltr'><strong>hoc</strong></span> <span class='ocrx_word' id='word_1_290' title='bbox 921 2100 1020 2124; x_wconf 83' lang='lat' dir='ltr'><strong>anno</strong></span> <span class='ocrx_word' id='word_1_291' title='bbox 1036 2089 1165 2126; x_wconf 85' lang='lat' dir='ltr'><strong>futuro</strong></span> 
     </span>
    </p>
   </div>
   <div class='ocr_carea' id='block_1_3' title="bbox 269 2194 1629 2239">
    <p class='ocr_par' dir='ltr' id='par_1_9' title="bbox 269 2194 1629 2239">
     <span class='ocr_line' id='line_1_34' title="bbox 269 2194 1629 2239; baseline 0.002 -11"><span class='ocrx_word' id='word_1_292' title='bbox 269 2194 282 2216; x_wconf 84' lang='lat'>²</span> <span class='ocrx_word' id='word_1_293' title='bbox 305 2194 461 2229; x_wconf 78' lang='lat' dir='ltr'><strong>Thomas</strong></span> <span class='ocrx_word' id='word_1_294' title='bbox 477 2195 633 2238; x_wconf 76' lang='lat' dir='ltr'><strong>Thirlby,</strong></span> <span class='ocrx_word' id='word_1_295' title='bbox 651 2196 778 2238; x_wconf 87' lang='lat' dir='ltr'><strong>bishop</strong></span> <span class='ocrx_word' id='word_1_296' title='bbox 793 2197 833 2229; x_wconf 79' lang='lat' dir='ltr'><strong>or</strong></span> <span class='ocrx_word' id='word_1_297' title='bbox 846 2196 1104 2239; x_wconf 82' lang='lat' dir='ltr'><strong>Westminster,</strong></span> <span class='ocrx_word' id='word_1_298' title='bbox 1123 2198 1347 2232; x_wconf 80' lang='lat' dir='ltr'><strong>consecrated</strong></span> <span class='ocrx_word' id='word_1_299' title='bbox 1363 2197 1441 2231; x_wconf 78' lang='lat' dir='ltr'><strong>Oet.</strong></span> <span class='ocrx_word' id='word_1_300' title='bbox 1459 2199 1511 2238; x_wconf 82' lang='lat'><strong>19,</strong></span> <span class='ocrx_word' id='word_1_301' title='bbox 1533 2198 1629 2231; x_wconf 81' lang='lat'><strong>1540.</strong></span> 
     </span>
    </p>
   </div>
  </div>
 </body>
</html>
