2008 3216
171 137 390 193 1561-62]
753 147 904 179 oaxen
933 147 1058 179 ΒοοΚ
1089 148 1118 178 Δ
1636 133 1716 177 157

169 249 396 287 Conceditur
412 252 435 287 9
456 249 481 285 J
483 249 551 286 ulii
574 250 754 296 magistro
776 249 979 286 Valentino
1002 249 1096 285 Dale
1115 249 1155 285 in
1179 247 1369 284 academia
1391 247 1603 283 Aureliensi
1620 246 1719 294 juris
1737 245 1761 283 f.
1785 245 1836 282 65
1851 257 1875 282 a

262 308 383 344 civilis
405 308 548 344 doctori
572 312 614 344 vt
638 308 690 344 sit
714 308 776 344 hic
800 308 901 356 apud
926 320 992 345 vos
1017 308 1056 344 in
1081 306 1236 344 eiisdem
1261 306 1379 354 gradu
1403 305 1533 342 ordine
1556 308 1595 342 et
1619 317 1719 340 anno

262 366 401 415 quibus
424 367 498 404 fuit
522 367 562 404 in
586 367 689 404 dicta
712 367 904 404 academia

626 590 936 634 Bacchalaurei
966 589 1009 632 in
1043 589 1263 646 theologia

166 730 226 778 xvj
245 730 286 767 of
308 729 501 766 Decembr.
520 741 630 777 maye
646 730 677 766 it
694 729 818 776 please
839 740 921 776 yow
938 728 1025 764 that
1042 728 1163 764 where
1185 734 1238 764 mr
1256 728 1360 775 Daye
1382 728 1415 763 is
1435 727 1613 774 sodenlye
1634 731 1720 763 sent

262 789 319 826 for
334 791 402 824 out
422 789 465 824 of
485 788 751 825 thuniuersitie
767 787 843 824 and
866 787 953 824 that
973 787 1020 823 he
1042 786 1158 822 hathe
1180 785 1277 822 done
1294 786 1359 822 the
1375 789 1475 822 most
1491 790 1578 834 part
1599 786 1641 822 of
1662 786 1721 822 his

262 851 364 885 actes
380 848 466 884 that
482 847 530 884 he
547 859 634 896 may
651 847 746 884 have
762 859 786 883 a
801 859 908 894 grace
925 846 1116 894 presently
1133 845 1376 893 propounded
1393 849 1434 882 to
1454 845 1499 882 be
1516 858 1539 882 a
1554 845 1722 882 bachiler

261 907 303 943 of
323 906 496 943 divinitie

170 965 311 1001 Eodem
361 965 417 1001 Μ’
434 964 735 1013 Dayehumblye
754 963 934 1000 desierith
951 969 1014 1010 yor
1036 962 1244 1009 wourships
1265 963 1351 999 that
1369 963 1417 1010 vij
1436 975 1542 1010 yeres
1559 963 1721 1011 studdye

265 1024 304 1060 in
321 1023 494 1060 divinitie
511 1024 608 1060 after
632 1023 719 1059 that
734 1023 782 1059 he
799 1034 875 1058 was
897 1021 1035 1058 actuall
1058 1027 1112 1057 mr
1128 1021 1170 1057 of
1190 1025 1272 1058 arte
1289 1021 1353 1057 wss‘
1374 1022 1490 1058 suche
1513 1023 1721 1070 replyinges

261 1095 483 1130 answeryng
515 1094 685 1118 sermons
717 1081 792 1117 and
819 1080 928 1117 other
955 1080 1136 1116 exercises
1161 1092 1204 1116 as
1236 1079 1283 1116 be
1309 1080 1357 1127 by
1381 1080 1447 1116 the
1470 1093 1633 1127 queenes
1659 1081 1720 1117 In-

264 1142 455 1178 iunctions
481 1141 661 1188 requisite
687 1151 796 1187 maye
822 1151 926 1175 serve
959 1138 1050 1186 hym
1076 1150 1118 1174 as
1143 1138 1225 1174 well
1250 1142 1291 1174 to
1316 1151 1454 1186 oppose
1480 1140 1519 1175 in
1547 1139 1722 1175 divinitie

263 1213 305 1237 as
321 1204 362 1237 to
377 1200 424 1237 be
449 1200 615 1237 bachilor
638 1199 679 1236 of
699 1198 874 1235 divinitie
895 1197 971 1234 and
994 1198 1080 1234 that
1103 1197 1149 1233 he
1173 1209 1281 1245 maye
1304 1197 1350 1233 be
1372 1197 1558 1234 admitted
1581 1198 1619 1234 in
1642 1199 1721 1234 this

262 1260 505 1296 convocation
556 1259 801 1295 Presentatus
825 1269 892 1305 per
915 1257 1106 1293 doctorem
1132 1257 1250 1293 Perne

169 1319 397 1357 Conceditur
417 1325 505 1355 xxx⁰
520 1318 543 1354 J
547 1317 693 1354 anuarii
710 1317 889 1364 magistro
907 1316 1195 1364 Hetheryngton
1214 1320 1254 1352 vt
1267 1315 1437 1352 studium
1454 1316 1519 1352 viii
1536 1328 1720 1352 annorum

263 1380 303 1416 in
336 1378 522 1425 theologia
559 1381 761 1425 postquam
795 1376 932 1412 rexerit
965 1376 1004 1412 in
1037 1374 1184 1411 artibus
1217 1387 1303 1411 cum
1335 1375 1635 1423 oppositionibus
1666 1388 1720 1411 re-

262 1437 527 1486 sponsionibus
544 1435 780 1473 sermonibus
796 1440 835 1472 et
851 1435 936 1472 aliis
952 1435 1139 1471 exercitiis
1156 1447 1223 1482 per
1244 1438 1391 1471 statuta
1407 1435 1508 1482 regia
1530 1436 1722 1482 requisitis

264 1497 498 1546 perficiendis
514 1500 603 1534 ante
625 1496 779 1533 comitia
798 1495 968 1543 proxima
990 1494 1063 1531 sub
1084 1506 1181 1542 pena
1202 1494 1262 1542 vj¹¹
1285 1494 1457 1542 ponenda
1481 1496 1520 1531 iu
1547 1495 1722 1532 manibus

264 1560 547 1605 procuratorum
563 1559 652 1592 ante
669 1555 750 1592 eius
766 1555 1032 1592 admissionem
1053 1555 1215 1591 sufficiat
1231 1555 1265 1590 ei
1289 1558 1368 1590 tam
1385 1554 1433 1591 ad
1455 1555 1720 1602 opponendum

262 1628 377 1664 quam
394 1615 441 1652 ad
458 1615 677 1652 intrandum
695 1615 734 1651 in
757 1626 864 1651 sacra
885 1614 1071 1661 theologia
1094 1614 1236 1660 (omnia
1258 1614 1402 1661 peregit
1425 1618 1560 1662 praeter
1581 1627 1719 1651 sermo-

263 1688 349 1712 nem
366 1675 415 1712 ad
432 1675 573 1712 clerum
590 1675 724 1722 marq.)

170 1735 311 1772 Eadem
342 1735 463 1782 gratia
495 1734 712 1770 conceditur
731 1726 875 1770 ‘eodem
908 1733 1088 1780 magistro
1121 1733 1261 1770 Antho.
1299 1733 1441 1770 Bul-ton
1475 1746 1560 1770 cum
1594 1734 1722 1770 studio

263 1806 287 1830 x
302 1805 485 1830 annorum
504 1795 708 1840 postquam
725 1793 862 1829 rexerit
879 1796 917 1828 et
935 1791 1007 1828 sub
1024 1803 1121 1839 pena
1137 1791 1182 1828 ΧΠ
1199 1793 1264 1839 qui
1282 1793 1470 1829 admissus
1489 1797 1548 1829 est
1567 1797 1610 1829 15
1629 1794 1720 1830 Maii

170 1852 312 1890 Eadem
334 1852 455 1899 gratia
477 1851 695 1887 conceditur
716 1850 846 1887 eodem
869 1850 938 1886 viz.
968 1862 1039 1886 xxx
1062 1850 1085 1886 J
1088 1851 1235 1886 anuarii
1259 1851 1438 1897 magistro
1462 1851 1611 1888 Hutton
1634 1864 1720 1888 cum

263 1911 389 1948 studio
406 1923 430 1947 v
447 1923 634 1947 annorum
650 1915 852 1958 postquam
870 1910 1008 1946 rexerit
1024 1909 1096 1946 sub
1113 1922 1210 1957 pena
1228 1910 1280 1957 liij
1293 1923 1312 1946 s
1329 1911 1382 1958 iiij
1395 1910 1419 1947 d

170 1971 396 2008 Conceditur
427 1983 475 2007 xx
507 1970 531 2007 J
534 1970 614 2007 unii
648 1973 690 2006 vt
722 1970 914 2017 responsio
946 1969 994 2006 ad
1027 1981 1142 2017 quam
1176 1973 1326 2006 tenetur
1359 1971 1536 2017 magister
1570 1971 1720 2006 Hutton

263 2031 407 2067 ratione
423 2030 560 2077 gradus
577 2030 636 2066 sui
653 2030 774 2078 possit
795 2030 921 2077 peragi
939 2030 978 2065 in
1001 2029 1062 2066 die
1078 2029 1332 2076 proximorum
1355 2030 1594 2066 comitiorum
1610 2031 1663 2066 sic
1681 2035 1722 2066 vt

263 2093 340 2127 stet
356 2102 423 2138 pro
440 2090 560 2126 forma
577 2102 646 2125 sua
663 2089 823 2136 (peregit
840 2089 967 2125 omnia
983 2090 1117 2137 marg.)

170 2149 395 2186 Conceditur
429 2152 472 2185 15
507 2149 599 2184 Maii
633 2151 675 2184 vt
708 2160 830 2185 sermo
861 2148 909 2184 ad
942 2148 1083 2184 clerum
1122 2148 1170 2184 ad
1210 2161 1323 2196 quem
1363 2152 1514 2185 tenetur
1546 2150 1724 2196 magister

266 2208 552 2255 Hetheryngton
579 2207 725 2244 ratione
749 2207 887 2254 gradus
909 2207 968 2243 sui
991 2208 1156 2255 suscepti
1182 2208 1302 2254 possit
1326 2207 1466 2244 differri
1492 2209 1531 2244 in
1558 2209 1722 2255 primum

264 2266 365 2303 diem
381 2266 538 2303 Veneris
555 2266 715 2314 proximi
731 2266 918 2302 adventus
937 2267 1089 2302 Domini
1112 2267 1166 2302 sic
1182 2270 1226 2302 vt
1247 2279 1334 2303 eum
1357 2271 1449 2304 tunc
1475 2271 1629 2315 peragat
1653 2268 1724 2304 sub

267 2337 364 2373 pena
387 2325 474 2372 liijs
498 2325 589 2372 iiijd
615 2325 774 2372 (peregit
798 2326 930 2373 mar-9.)

172 2383 398 2420 Conceditur
430 2382 496 2431 vj⁶⁰
529 2383 722 2419 Februarii
756 2384 935 2430 magistro
961 2383 1132 2420 Johnson
1160 2388 1202 2420 vt
1230 2385 1399 2421 studium
1427 2389 1448 2421 5
1473 2398 1658 2422 annorum
1684 2388 1722 2423 in

265 2443 449 2490 theologia
473 2447 674 2490 postquam
699 2443 836 2479 rexerit
865 2443 904 2479 in
933 2443 1080 2479 artibus
1108 2456 1195 2480 cum
1219 2445 1518 2492 oppositionibus
1545 2450 1615 2483 etc.
1642 2459 1721 2494 per-

265 2502 433 2539 ficiendis
449 2502 547 2538 infra
562 2514 706 2538 annum
728 2507 815 2550 post
831 2503 912 2539 eius
934 2502 1201 2540 admissionem
1218 2504 1290 2540 sub
1313 2517 1410 2551 pena
1432 2505 1491 2552 vjh'
1511 2506 1574 2553 xiij
1587 2518 1606 2542 s
1628 2506 1681 2553 iiij
1697 2506 1722 2542 d

265 2560 521 2608 ponendorum
547 2561 587 2598 in
614 2561 790 2598 manibus
818 2565 1103 2609 procuratorum
1131 2566 1220 2600 ante
1247 2564 1329 2600 eius
1356 2564 1622 2601 admissionem
1646 2566 1722 2602 suf-

266 2620 368 2657 ficiat
387 2621 421 2657 ei
444 2623 525 2658 tam
547 2621 595 2658 ad
612 2621 877 2668 opponendum
897 2633 1012 2668 quam
1034 2621 1083 2658 ad
1105 2622 1325 2659 intrandum
1347 2623 1387 2659 in
1409 2635 1515 2660 sacra
1537 2624 1723 2672 theologia

263 2678 463 2716 Admissus
489 2683 534 2716 10
562 2680 705 2728 Aprilis
737 2681 895 2728 (peregit
928 2682 1055 2718 omnia
1086 2684 1223 2729 praeter
1254 2694 1466 2720 sermonem
1498 2684 1546 2720 ad
1579 2684 1720 2722 clerum

269 2738 402 2786 marg.)

173 2794 314 2832 Eadem
329 2796 451 2843 gratia
466 2797 683 2833 conceditur
699 2803 791 2833 xxm
812 2797 835 2833 J
839 2798 919 2834 unii
937 2799 1116 2844 magistro
1133 2798 1310 2845 Gregorio
1333 2799 1475 2836 Garthe
1492 2813 1578 2837 cum
1596 2803 1723 2838 studio

267 2855 287 2891 7
305 2866 489 2890 annorum
505 2857 544 2891 et
560 2854 748 2891 admissus
764 2859 822 2891 est
840 2868 863 2891 v
879 2856 903 2891 J
908 2856 973 2892 ulii
991 2856 1149 2903 (peregit
1165 2857 1292 2892 omnia
1309 2859 1443 2905 marq.)
