2008 3216
309 165 394 206 102
889 171 1042 205 emcn-
1072 172 1197 204 Boox
1228 172 1259 204 Δ
1639 160 1859 217 [1554-55

401 275 592 312 Mettham
608 274 633 311 J
635 274 750 310 oanni
766 274 921 310 Barrett
933 273 1093 320 Georgio
1106 273 1291 310 Gardiner
1305 273 1330 309 J
1333 273 1447 309 oanni
1464 272 1655 320 Dawbney
1668 272 1861 320 Stephano

401 333 587 371 Woorleio
603 337 643 370 et
659 333 849 369 Willelmo
867 332 1030 369 Hudson

307 393 407 429 Item
439 391 658 428 conceditur
690 391 857 427 Henrico
890 391 1077 427 Howman
1111 393 1154 426 vt
1187 393 1209 427 9
1242 390 1397 427 termini
1429 389 1607 437 completi
1648 389 1688 425 in
1721 388 1861 436 quibus

400 451 581 487 lectiones
613 450 824 486 ordinarias
857 449 1006 486 audiuit
1038 449 1128 485 licet
1159 461 1237 485 non
1270 449 1424 485 omnino
1457 448 1664 485 secundum
1700 448 1861 484 formam

401 511 541 547 statuti
564 522 651 546 cum
674 509 977 557 oppositionibus
1001 511 1041 545 et
1064 509 1371 556 responsionibus
1394 509 1588 556 requisitis
1612 508 1803 544 sufficiant
1826 507 1862 543 ei

400 569 449 605 ad
478 569 642 605 finaliter
669 567 1001 604 determinandum
1030 579 1117 603 cum
1146 567 1282 603 ceteris
1313 567 1428 603 huius
1457 568 1547 603 anni
1581 566 1861 603 bacchalaureis

401 629 464 665 Ita
492 628 594 675 quod
626 628 707 664 eius
739 626 903 663 eruditio
935 627 1173 662 examinetur
1204 629 1244 662 et
1275 626 1506 674 approbetur
1533 638 1601 674 per
1629 625 1861 673 oppositores

399 687 514 724 huius
537 687 628 723 anni
653 690 692 722 et
717 689 795 722 stet
819 685 859 721 in
884 685 1023 721 scholis
1047 697 1114 732 per
1138 685 1322 732 reliquam
1348 686 1674 733 quadragesimam

306 745 449 783 Eadem
472 746 594 792 gratia
614 745 662 781 de
684 744 799 780 verbo
821 745 860 780 in
885 743 1043 780 verbum
1065 744 1286 780 conceditur
1309 745 1497 781 Richardo
1521 744 1702 782 Godfrido

307 804 407 841 Item
444 803 663 841 conceditur
699 803 852 839 Ardeno
885 802 1055 839 Waferer
1087 805 1131 838 vt
1167 805 1211 838 12
1246 803 1399 839 termini
1436 803 1612 850 completi
1649 804 1688 839 in
1723 802 1861 850 quibus

401 864 610 900 ordinarias
632 863 812 899 lectiones
834 874 901 909 per
922 862 1101 898 maiorem
1128 865 1275 909 partem
1299 863 1340 898 in
1363 866 1445 898 toto
1467 863 1616 899 audiuit
1638 874 1725 899 cum
1748 874 1861 909 oppo-

401 923 604 960 sitionibus
620 925 660 959 et
676 921 984 970 responsionibus
1003 922 1197 968 requisitis
1217 922 1324 958 iuxta
1343 923 1502 958 sormam
1520 923 1658 959 statuti
1674 922 1863 958 sufficiant

401 984 435 1019 ei
453 983 501 1020 ad
517 982 821 1030 respondendum
838 982 1028 1029 questioni

308 1043 407 1079 Item
430 1042 650 1079 conceditur
672 1041 861 1077 Richardo
884 1041 1127 1077 Stackhowse
1142 1044 1186 1077 vt
1210 1044 1255 1077 12
1272 1041 1425 1077 termini
1449 1041 1627 1088 completi
1650 1052 1736 1076 cum
1756 1052 1800 1076 eo
1820 1040 1860 1076 in

402 1114 478 1149 quo
501 1104 560 1137 est
581 1100 904 1137 determinaturus
926 1100 966 1135 in
989 1099 1129 1146 quibus
1151 1100 1331 1136 lectiones
1356 1100 1565 1136 ordinarias
1590 1111 1657 1147 per
1679 1099 1860 1135 maiorem

402 1165 549 1208 partem
574 1161 615 1196 in
639 1163 722 1196 toto
747 1159 896 1195 audiuit
921 1171 1008 1194 cum
1033 1159 1338 1206 opposicionibus
1362 1163 1402 1196 et
1425 1158 1731 1206 responsionibus
1755 1159 1862 1194 iuxta

402 1221 562 1256 formam
579 1219 717 1255 statuti
734 1217 930 1265 requisitis
946 1217 1138 1253 sufficiant
1154 1217 1189 1253 ei
1206 1217 1255 1253 ad
1272 1217 1577 1264 respondendum
1594 1217 1784 1264 questioni

308 1279 632 1315 Determinatores
656 1277 801 1323 collegii
827 1276 978 1323 Regalis
996 1276 1073 1312 'hoc
1097 1287 1198 1311 anno
1220 1276 1360 1323 quibus
1382 1277 1487 1313 nulla
1510 1277 1585 1313 fuit
1607 1275 1764 1312 obtenta
1787 1275 1861 1312 dis-

401 1337 573 1385 pensatio
589 1339 681 1372 sunt
696 1336 840 1372 domini
859 1335 1014 1371 Browne
1031 1334 1167 1371 Clarke
1185 1335 1333 1382 Popson
1352 1336 1471 1384 Ruste
1489 1335 1645 1383 Brysley
1661 1334 1798 1371 Warde

142 1397 171 1435 f.
194 1397 247 1435 40
263 1397 288 1434 b
309 1396 408 1433 Item
437 1395 657 1432 conceditur
680 1394 870 1430 Willelmo
894 1393 1107 1430 Woodoson
1134 1397 1175 1430 vt
1202 1397 1245 1430 12
1270 1395 1424 1430 termini
1453 1395 1493 1430 in
1518 1394 1657 1441 quibus
1684 1394 1863 1430 lectiones

401 1455 610 1491 ordinarias
633 1453 783 1490 audiuit
807 1453 895 1488 licet
920 1464 996 1488 non
1021 1452 1175 1488 omnino
1199 1453 1406 1489 secundum
1431 1455 1591 1490 formam
1614 1453 1752 1489 statuti
1776 1464 1863 1489 cum

401 1512 702 1562 oppositionibus
730 1516 771 1548 et
799 1511 1107 1559 responsionibus
1136 1511 1332 1559 requisitis
1357 1512 1548 1548 sufficiant
1574 1512 1609 1548 ei
1635 1512 1684 1548 ad
1711 1523 1863 1558 respon-

400 1572 569 1609 dendum
592 1571 783 1620 questioni

307 1632 450 1668 Eadem
478 1631 601 1679 gratia
628 1630 676 1667 de
703 1629 817 1666 verbo
846 1629 886 1665 in
912 1628 1070 1666 verbum
1099 1629 1318 1666 conceditur
1352 1630 1516 1666 Henrico
1546 1630 1666 1678 Boyes
1699 1629 1864 1666 Roberto

403 1691 614 1728 Landsdale
647 1690 848 1726 Francisco
882 1689 1006 1726 Ridell
1040 1689 1205 1726 Roberto
1234 1690 1418 1737 Goldinge
1451 1690 1595 1726 Thome
1629 1690 1792 1738 Puryfye
1824 1692 1864 1725 et

403 1749 570 1786 Waltero
596 1749 715 1786 Hawe
1795 1759 1799 1763 ’

309 1809 408 1846 Item
440 1808 658 1846 conceditur
690 1807 921 1845 Christofero
955 1807 1175 1844 Hauxursto
1202 1811 1244 1844 vt
1279 1811 1320 1844 11
1350 1809 1503 1845 termini
1530 1820 1617 1844 cum
1644 1820 1688 1844 eo
1717 1807 1757 1844 in
1786 1818 1862 1854 quo

402 1868 724 1905 determinaturus
740 1870 800 1903 est
816 1867 856 1903 in
873 1866 1012 1914 quibus
1025 1866 1233 1903 ordinarias
1246 1867 1425 1904 lectiones
1441 1879 1508 1915 per
1520 1868 1699 1904 maiorem
1716 1869 1861 1914 partem

403 1927 443 1964 in
468 1929 550 1963 toto
574 1925 724 1963 audiuit
746 1938 831 1962 cum
857 1925 1159 1973 oppositionibus
1183 1928 1223 1962 et
1244 1926 1549 1974 responsionibus
1574 1927 1680 1963 iuxta
1703 1926 1863 1962 formam

404 1986 541 2023 statuti
559 1985 751 2032 requisitis
766 1985 955 2021 sufficiant
970 1985 1005 2020 ei
1022 1983 1070 2020 ad
1086 1984 1387 2031 respondendum
1404 1985 1592 2032 questioni

310 2045 451 2083 Eadem
468 2045 590 2093 gratia
606 2044 653 2081 de
671 2043 784 2081 verbo
801 2045 839 2080 in
857 2043 1013 2080 verbum
1031 2043 1249 2081 conceditur
1266 2044 1452 2081 Gtssielmo
1471 2044 1688 2081 Barnsdello

310 2106 409 2142 Item
442 2103 662 2141 conceditur
693 2102 832 2139 Joanni
865 2103 1057 2139 Thomson
1095 2105 1138 2139 vt
1172 2106 1216 2139 12
1250 2104 1402 2140 termini
1435 2104 1611 2151 completi
1647 2104 1687 2140 in
1725 2102 1864 2151 quibus

403 2163 582 2200 lectiones
614 2161 823 2198 ordinarias
855 2161 1005 2198 audiuit
1034 2172 1100 2208 per
1126 2162 1306 2198 maiorem
1333 2165 1479 2209 partem
1505 2163 1543 2199 in
1571 2165 1652 2199 toto
1676 2163 1764 2199 licet
1788 2174 1864 2199 non

403 2222 558 2259 omnino
589 2221 798 2259 secundum
831 2221 990 2258 formam
1024 2222 1162 2258 statuti
1195 2234 1281 2258 cum
1314 2222 1612 2270 oppositionibus
1644 2226 1683 2260 et
1714 2234 1866 2271 respon-

403 2282 572 2319 sionibus
596 2281 789 2328 requisitis
812 2281 1002 2317 sufficiant
1026 2280 1060 2317 ei
1085 2280 1132 2316 ad
1160 2279 1460 2328 respondendum
1485 2282 1674 2328 questioni

311 2342 409 2379 Item
434 2340 652 2378 conceditur
675 2340 819 2377 'rhome
841 2340 1004 2388 Byramo
1028 2343 1069 2376 vt
1098 2343 1140 2376 12
1164 2340 1315 2376 termini
1341 2340 1517 2388 completi
1543 2341 1582 2377 in
1607 2340 1746 2387 quibus
1768 2339 1863 2377 ordi-

404 2401 530 2438 narias
539 2400 718 2437 lectiones
727 2399 877 2436 audiuit
887 2411 953 2447 per
966 2399 1143 2435 maiorem
1159 2402 1306 2446 partem
1320 2400 1360 2436 in
1374 2403 1455 2436 toto
1467 2411 1552 2436 cum
1565 2399 1864 2447 oppositionibus

402 2464 443 2498 et
458 2459 762 2508 responsionibus
778 2470 845 2507 per
860 2461 1008 2495 statuta.
1024 2457 1216 2504 requisitis
1231 2458 1421 2494 sufficiant
1440 2458 1474 2494 ei
1491 2457 1539 2495 ad
1562 2457 1862 2505 respondendum

403 2520 591 2568 questioni

314 2583 410 2619 Item
443 2580 661 2618 conceditur
691 2580 864 2628 Philippo
891 2579 1059 2616 Howlett
1083 2578 1291 2627 presbitero
1324 2585 1366 2615 vt
1394 2580 1436 2615 12
1462 2578 1614 2615 termini
1640 2578 1777 2625 partim
1805 2578 1865 2615 hic

404 2640 543 2688 partim
561 2639 716 2676 oxoniis
733 2639 771 2675 in
789 2637 928 2686 quibus
941 2638 1119 2675 lectiones
1131 2637 1340 2675 ordinarias
1356 2637 1505 2674 audiuit
1518 2637 1606 2673 licet
1619 2649 1693 2674 non
1711 2637 1864 2674 omnino

405 2698 610 2736 secundum
637 2699 795 2735 formam
817 2698 953 2735 statuti
979 2709 1065 2735 oum
1091 2696 1392 2746 oppositionibus
1414 2699 1453 2733 et
1477 2695 1782 2743 responsionibus
1809 2708 1864 2733 re-

406 2758 558 2806 quisitis
575 2758 765 2795 sufficiant
780 2758 813 2795 ei
832 2770 900 2806 pro
916 2757 1113 2806 completis
1133 2757 1250 2805 gradu
1267 2761 1307 2794 et
1327 2757 1448 2794 forma
1470 2756 1803 2793 bacchalaureatus
1826 2757 1863 2793 in

406 2818 552 2855 artibus
569 2822 608 2854 et
626 2818 743 2855 nihilo
761 2818 887 2855 minus
909 2817 1130 2855 conviuetur
1155 2820 1232 2854 stet
1256 2816 1293 2853 in
1317 2815 1603 2864 quadragesima
1625 2827 1711 2852 oum
1733 2816 1868 2852 ceteris

407 2877 685 2915 baechalaureis
700 2890 743 2914 ac
759 2883 884 2915 cetera
899 2877 1027 2915 omnia
1043 2879 1198 2925 peragat
1216 2876 1321 2913 iuxta
1337 2875 1495 2912 formam
1514 2875 1652 2911 statuti
