2008 3216
126 162 346 219 1554-55]
709 172 861 205 GRAcn
891 173 1015 204 BOOK
1046 172 1078 204 Δ
1586 163 1669 204 105

124 275 224 312 Item
248 275 464 311 conceditur
487 274 640 311 domino
667 275 855 311 Hollande
877 277 920 311 vt
942 277 965 311 6
987 274 1141 310 termini
1163 277 1250 321 post
1271 273 1422 310 finalem
1446 274 1527 310 eius
1550 274 1671 311 deter-

217 334 463 370 minationem
485 334 526 370 in
547 333 686 380 quibus
707 333 886 370 lectiones
908 333 1117 370 ordinarias
1139 332 1288 369 audiuit
1311 332 1399 369 licet
1421 345 1496 369 non
1518 334 1672 370 omnino

216 394 422 431 secundum
444 394 603 431 formam
625 394 761 430 statuti
784 406 871 430 cum
893 394 1016 431 tribus
1039 392 1342 441 responsionibus
1363 394 1553 430 sufficiant
1571 394 1605 430 ei
1623 393 1670 430 ad

216 453 470 500 incipiendum
487 453 527 489 in
543 453 690 489 artibus

122 510 264 548 Eadem
291 512 412 558 gratia
438 511 655 548 conceditur
679 511 842 548 dominis
866 511 1062 559 Chapman
1086 515 1126 547 et
1151 511 1261 547 Shaw
1309 512 1396 548 Vna
1419 523 1505 548 cum
1530 510 1590 547 his
1615 512 1670 548 in-

215 570 315 618 cepit
341 570 516 606 dominus
547 571 693 606 Rookes
725 570 772 607 de
797 570 950 617 collegio
976 570 1104 617 Regali
1136 582 1300 617 quocum
1330 582 1404 606 non
1430 570 1672 618 dispensatur

215 641 282 676 per
303 630 464 676 gratiam

255 839 479 884 Numerus
510 841 778 898 Regentium
810 841 854 884 in
886 841 1056 884 artibus
1086 841 1213 884 iuxta
1240 841 1537 885 senior-itatem

340 966 560 1003 ¹Acworthe
752 967 928 1014 Whipley
1154 967 1286 1003 Shawe

355 1024 497 1061 Webbe
752 1025 949 1072 Chapman
1151 1026 1303 1062 Hutton

355 1084 579 1132 Gyrlington
752 1085 919 1133 Buckley
1151 1085 1336 1122 Gardiner

354 1143 515 1192 Olayton
751 1144 911 1181 Gravett
1153 1145 1327 1181 Markam

356 1202 482 1239 Rooke
751 1203 884 1240 Carter
1153 1203 1303 1251 Lorkyn

353 1261 534 1309 Alington
751 1262 911 1299 Newton
1152 1262 1286 1299 Olerke
1303 1262 1456 1310 (Gonv.)

354 1321 570 1368 Dodington
750 1322 906 1370 Otwaye
1151 1322 1232 1358 Bell

353 1379 487 1427 Colyer
751 1381 882 1428 Yonge
1150 1382 1223 1418 Lee

351 1438 375 1475 J
378 1450 495 1475 onson
751 1439 996 1476 Sawnderson
1147 1440 1350 1488 Atkynson

353 1497 538 1534 Hollaude
752 1497 998 1545 Oxenbrydge
1149 1498 1296 1535 Turner

353 1556 465 1593 Olerk
482 1556 661 1604 (Pembr.)
751 1557 908 1605 Dakyns
1147 1558 1366 1606 Bysshoppe

557 1835 867 1879 Bacchalaurei
900 1836 945 1879 in
979 1836 1072 1878 iure
1103 1835 1224 1879 ciuili
1684 1838 1710 1876 f.
1734 1837 1832 1877 41b

117 1960 163 1997 In
187 1960 319 2008 primis
343 1961 561 1998 conceditur
585 1961 728 1998 Thome
753 1962 939 2008 Twhenge
962 1966 1004 1998 vt
1029 1962 1201 1999 studium
1227 1965 1374 2010 septem
1400 1974 1586 1999 annorum
1626 1963 1665 1999 in

204 2019 290 2067 jure
306 2020 408 2057 ciuili
425 2021 588 2057 sufficiat
603 2021 638 2057 ei
654 2021 703 2058 ad
721 2021 941 2057 intrandum
959 2022 999 2057 in
1015 2021 1144 2058 eodem
1159 2021 1244 2068 jure

115 2079 214 2116 Item
236 2080 454 2116 conceditur
474 2080 628 2117 domino
652 2080 782 2128 Rydge
797 2084 840 2117 vt
863 2081 1034 2117 studium
1053 2083 1073 2119 7
1091 2093 1278 2118 annorum
1299 2081 1337 2118 in
1356 2081 1442 2128 jure
1458 2082 1560 2118 ciuili
1578 2086 1665 2129 post

207 2138 366 2186 gradum
390 2138 720 2176 bacchalaureatus
743 2140 783 2175 in
805 2140 952 2176 artibus
975 2143 1194 2188 susceptum
1210 2141 1374 2177 sufficiat
1393 2141 1427 2177 ei
1450 2141 1498 2177 ad
1520 2141 1663 2177 intran-

209 2197 301 2234 dum
317 2198 357 2234 in
374 2198 503 2235 eodem
522 2198 609 2246 jure

515 2481 827 2525 Bacchalaurei
858 2482 903 2524 in
929 2482 1030 2539 jure
1060 2482 1264 2526 canonico

116 2607 214 2643 Item
238 2607 456 2644 conceditur
479 2607 618 2643 Joanni
645 2607 814 2655 Fayrhar
837 2610 880 2644 vt
904 2608 1074 2645 studium
1099 2621 1123 2644 x
1146 2620 1332 2644 annorum
1357 2609 1396 2644 in
1422 2608 1492 2644 hac
1517 2609 1663 2645 vniuer·

207 2668 322 2704 sitate
338 2668 377 2703 in
389 2667 476 2714 jure
491 2668 669 2703 canonico
686 2668 848 2703 sufficiat
865 2668 899 2703 ei
916 2667 963 2704 ad
981 2668 1201 2705 intrandum
1218 2669 1257 2704 in
1274 2668 1404 2704 eodem
1421 2668 1508 2715 jure

114 2725 256 2762 Eadem
277 2726 399 2772 gratia
419 2727 467 2762 de
489 2725 602 2776 verbo
623 2727 663 2762 in
686 2726 843 2763 verbum
865 2726 1082 2763 conceditur
1105 2727 1293 2764 Richardo
1316 2728 1517 2774 Dunninge

116 2784 215 2821 Item
230 2784 448 2822 conceditur
462 2783 585 2822 eidem
603 2785 708 2822 Rich.
728 2786 763 2821 D
768 2813 856 2824 ......

179 2877 192 2899 ¹
215 2878 327 2912 These
342 2888 464 2912 names
480 2889 538 2913 are
554 2879 724 2921 arranged
739 2879 778 2912 in
793 2882 860 2913 two
873 2880 1032 2913 columns
1047 2880 1154 2922 along
1168 2880 1229 2914 the
1243 2881 1379 2915 bottom
1395 2883 1432 2915 oi
1446 2882 1507 2916 the
1521 2892 1619 2925 page.
