2008 3216
179 157 397 212 1568-69]
749 168 902 200 emor:
931 168 1056 199 Boox
1086 168 1116 199 Δ
1637 159 1718 199 221

176 268 318 305 Eadem
334 270 455 316 gratia
472 269 690 306 conceditur
708 272 745 305 1⁰
760 269 784 306 J
787 269 854 306 ulii
871 269 906 306 d.
925 269 1016 306 Tho.
1036 269 1175 306 Staller

175 326 401 362 Conceditur
417 329 462 361 25
482 326 611 362 Martii
627 327 691 363 W⁰
713 327 829 363 Stone
849 330 892 363 vt
914 327 1084 363 studium
1106 326 1194 373 iiij⁰r
1213 338 1398 363 annorum
1421 327 1461 362 in
1483 326 1721 373 philosophia

268 388 354 432 post
370 386 531 431 gratiam
547 385 596 421 ad
612 385 915 432 respondendum
932 385 1123 433 questioni
1139 397 1354 421 concessam
1370 397 1458 421 eum
1475 385 1719 432 oppositioni-

267 443 338 479 bus
354 444 660 490 responsionibus
677 446 716 480 et
732 444 818 480 aliis
835 444 1023 480 exercitiis
1039 456 1106 491 per
1118 446 1266 480 statuta
1278 443 1472 490 requisitis
1484 443 1720 490 perficiendis

267 506 356 538 ante
378 503 458 538 eius
480 503 748 539 admissionem
771 503 934 539 sufficiat
959 503 994 539 ei
1016 502 1064 539 ad
1087 502 1342 549 incipiendum
1367 503 1407 538 in
1429 502 1576 538 artibus
1600 502 1654 538 sic
1679 506 1720 538 vt

268 563 393 597 vestra
416 562 645 597 auctoritate
674 561 843 608 perficiat
871 561 1021 598 eosdem
1050 564 1159 598 actus
1186 562 1227 597 in
1255 561 1390 597 habitu
1417 560 1652 597 bachalaurei
1681 566 1720 596 et

267 620 389 655 solvat
405 620 596 656 academie
612 633 660 656 xx
671 633 690 656 s

173 679 257 715 Vna
281 691 368 715 cum
394 680 466 715 hiis
491 680 716 726 inceperunt
744 679 790 715 de
819 679 976 726 collegio
1007 680 1122 726 Regio
1151 679 1290 727 quibus
1318 680 1423 715 nulla
1450 680 1572 726 gratia
1600 680 1720 726 petita

265 749 386 784 neque
407 737 638 784 dispensatio
662 750 837 774 concessa
861 738 896 774 d.
919 738 1056 774 Matth.
1077 738 1173 774 Bust
1193 738 1227 774 d.
1246 738 1301 775 J0.
1322 738 1464 774 Archer
1480 737 1515 774 d.
1536 738 1719 774 Ricardus

265 795 377 842 Wyld
400 795 435 831 d.
462 795 669 831 Nioholaus
696 797 823 832 Horne
847 795 881 832 d.
908 796 964 833 W.
994 796 1201 832 Brumsted
1225 795 1260 833 d.
1289 795 1392 832 Bald.
1420 795 1574 842 Collyns
1598 795 1632 832 d.
1659 796 1717 832 J0.

267 854 377 902 Ivery
393 857 432 890 et
449 854 484 892 d.
503 854 596 891 Rob.
615 853 743 902 Oonye

737 1137 855 1180 Ordo
885 1137 1154 1180 senioritatis

171 1253 326 1289 Murton
344 1252 527 1301 [Morton]
545 1253 631 1289 Chr.
670 1253 812 1300 Motley
944 1253 1020 1290 Tri.
1239 1253 1397 1300 Fynkell
1589 1252 1640 1288 Be

171 1312 313 1359 Hayles
416 1311 541 1349 Pemb.
675 1312 772 1348 Bust
947 1312 1072 1358 Regal.
1241 1312 1299 1348 J0.
1320 1312 1424 1359 Keye
1590 1312 1676 1348 Chr.

169 1371 353 1407 Peroevall
413 1371 527 1417 Regn.
673 1371 829 1407 Bullook
948 1371 1114 1418 Reginal.
1241 1371 1418 1418 Starlyng
1589 1371 1664 1406 Tri.

167 1431 311 1467 Burton
411 1430 487 1466 Cla.
672 1430 709 1466 N
711 1434 820 1466 orton
945 1431 1046 1467 Pem.
1240 1430 1440 1466 Brumsted
1589 1430 1712 1476 Regal.

168 1490 326 1526 Roberts
410 1490 523 1536 Regu.
669 1490 793 1537 Cosyn
943 1490 1018 1527 Tri.
1239 1491 1329 1526 Best
1585 1489 1608 1524 J
1611 1501 1641 1524 e.

166 1548 305 1585 Freeke
410 1548 509 1585 Pem.
670 1549 816 1585 Areher
945 1549 1069 1595 Regal.
1239 1548 1446 1585 Chambers
1589 1549 1664 1584 Tri.

168 1610 369 1645 Lancaster
409 1608 485 1644 Cla.
671 1609 814 1645 Gulson
946 1609 1060 1654 Regu.
1238 1608 1440 1655 Atkynson
1589 1608 1663 1643 Tri.

165 1669 187 1705 J
191 1680 281 1704 ones
410 1667 524 1713 Regn.
671 1667 821 1703 Holden
945 1667 1020 1703 Tri.
1240 1666 1464 1702 Wolfendan
1584 1666 1608 1701 J
1610 1679 1642 1702 o.

166 1727 376 1775 Maplisden
410 1727 524 1773 Regu.
672 1727 820 1774 Davyos
945 1726 1060 1773 Regu.
1239 1726 1518 1762 Goldisborowe
1589 1726 1665 1762 Tri.

166 1787 269 1823 Prioe
409 1786 486 1822 Cla.
670 1785 829 1832 Smythe
941 1784 1038 1831 Mag.
1233 1785 1415 1820 Traverse
1585 1785 1661 1821 Tri.

165 1844 312 1891 Knight
408 1843 532 1880 Pemb.
668 1843 875 1879 Rioheman
940 1842 1037 1889 Mag.
1234 1843 1414 1878 Traverse
1584 1842 1660 1879 Tri.

165 1903 290 1950 Heyte
406 1902 431 1939 J
432 1915 465 1941 ο.
667 1901 801 1949 Wylde
941 1901 1065 1948 Regal.
1235 1901 1389 1948 Collyns
1587 1901 1712 1948 Regal.

165 1962 294 2008 Yonge
411 1961 507 2007 Mag.
668 1961 779 1996 Ware
939 1960 1015 1996 Tri.
1235 1960 1368 2008 Iverye
1583 1961 1708 2007 Regal.

165 2020 312 2056 Pollard
407 2019 484 2056 Cla.
670 2020 879 2065 Messinger
944 2019 1015 2055 Ka.
1235 2019 1396 2054 Dawson
1580 2019 1658 2055 Tri.

164 2078 335 2126 Goldyng
408 2079 505 2115 Petr.
666 2079 818 2114 Denton
939 2078 1013 2113 Tri.
1235 2077 1447 2125 Hallydaye
1583 2078 1659 2115 Tri.

163 2138 336 2174 Fletcher
409 2137 485 2173 Tri.
669 2136 786 2172 Stone
941 2136 1004 2172 Be.
1239 2136 1369 2172 Presse
1586 2137 1684 2174 Petr.

162 2197 284 2234 Oooke
396 2197 514 2233 Clare
666 2195 907 2231 Hammonde
940 2196 984 2232 G.
1002 2195 1032 2231 &
1050 2195 1088 2231 C.
1235 2195 1366 2232 Franc.
1385 2195 1542 2232 Watson
1583 2196 1606 2231 J
1609 2208 1642 2234 ο.

162 2257 327 2305 Myllane
404 2256 490 2294 Chr.
667 2255 789 2291 Baker
937 2255 1011 2291 Tri.
1231 2254 1338 2301 Cony
1586 2255 1707 2302 Regal.

162 2316 367 2352 Androwes
384 2314 577 2363 [Andrew]
597 2315 674 2350 Pet.
725 2314 830 2361 Ellys
937 2314 960 2350 J
963 2326 995 2350 o.
1231 2314 1390 2349 Watson
1582 2314 1644 2351 Be.

161 2376 297 2423 Taylor
402 2375 425 2410 J
428 2386 459 2412 o.
473 2374 559 2411 Chr.
575 2374 657 2420 (sie)
714 2374 843 2410 Horne
940 2374 1063 2420 Regal.
1234 2374 1374 2410 Stallar
1583 2375 1672 2410 Ben.
1715 2391 1719 2395 -

162 2435 268 2471 Geor.
284 2435 389 2481 Keye
406 2434 429 2469 J
432 2445 463 2469 o.
665 2432 826 2468 Woodes
937 2432 999 2468 Be.
1445 2435 1491 2469 62

161 2552 271 2588 Mem.
298 2551 398 2597 quod
427 2551 604 2597 magister
634 2549 850 2587 Hammond
880 2562 954 2586 non
984 2550 1157 2586 interfuit
1185 2550 1348 2586 comitiis
1376 2550 1440 2586 sed
1470 2550 1532 2586 die
1554 2551 1710 2587 Veneris

253 2613 433 2657 sequente
454 2613 602 2646 oreatus
624 2610 699 2645 fuit
719 2610 759 2645 in
781 2609 909 2645 schola
933 2613 971 2645 et
996 2621 1063 2656 per
1086 2610 1247 2656 gratiam
1271 2610 1473 2646 restitutus
1497 2610 1707 2647 senioritati

253 2681 320 2705 SUO
