2046 3224
362 171 419 211 58
943 182 1095 218 (11111011
1124 182 1249 215 BOOK
1280 183 1310 214 Δ
1688 172 1911 229 [1548-49

456 300 524 335 pro
540 289 738 336 completis
759 289 877 336 gradu
897 293 937 326 et
962 290 1081 326 forma
1100 290 1303 337 magisterii
1320 291 1358 326 in
1376 290 1522 327 artibus
1538 295 1578 327 et
1594 296 1637 327 vt
1657 291 1768 327 hodie
1785 292 1816 327 si
1834 291 1913 327 fieri

456 350 583 394 potest
599 348 765 394 alioquin
786 348 835 384 ad
856 348 1038 395 placitum
1061 348 1288 393 admittatur
1304 350 1385 385 sine
1402 349 1476 385 vlla
1497 349 1763 396 magistrorum
1787 350 1913 386 visita-

455 406 558 441 tione
592 405 629 441 N
630 417 692 440 am
714 405 859 441 diutius
879 406 979 441 hunc
994 405 1151 452 gradum
1174 407 1256 442 sine
1271 418 1407 453 magno
1423 419 1492 443 suo
1508 407 1704 454 dispendio
1720 411 1914 455 expectare

457 477 531 501 11011
548 469 673 512 potaet
686 468 729 501 vt
745 466 811 512 qui
828 465 882 501 illi
900 465 969 501 hoc
985 470 1154 512 tempore
1169 466 1388 513 ampliorem
1405 467 1482 502 vite
1499 467 1752 503 conditionem
1769 467 1914 503 adferre

455 529 582 572 potest
605 537 718 572 quem
743 525 824 560 sine
856 537 900 560 eo
931 525 1081 571 assequi
1106 537 1181 560 non
1206 528 1332 572 potest
1360 525 1446 574 [sic]
1497 526 1559 562 Ita
1580 529 1623 562 vt
1646 526 1728 562 eius
1752 526 1914 562 eruditio

455 585 562 631 prius
573 585 809 620 examinetur
820 587 860 620 et
873 584 1102 632 approbetur
1118 597 1185 631 per
1201 585 1401 631 magistros
1419 585 1656 632 Pylkyngton
1674 587 1858 622 seniorem
1876 589 1916 622 et

456 643 570 679 Carre
612 648 651 680 et
668 648 842 680 teneatur
858 648 1028 692 preterea
1047 645 1227 691 proximis
1243 645 1447 681 commitiis
1464 646 1662 682 conviuare
1679 657 1764 681 cum
1782 645 1916 681 ceteris

455 703 536 738 eius
553 703 643 738 anni

363 762 461 797 Item
479 761 697 798 conceditur
711 761 864 798 domino
886 762 1087 798 Edwardes
1104 767 1146 799 vt
1163 766 1186 800 9
1202 764 1353 799 termini
1371 767 1458 811 post
1475 764 1624 800 finalem
1641 764 1722 800 eius
1738 764 1913 800 determi-

456 820 647 856 nationem
680 821 720 856 in
747 820 886 867 quibus
914 821 1092 857 lectiones
1120 822 1327 858 ordinarias
1355 822 1504 859 audiuit
1536 823 1624 859 licet
1656 835 1732 858 non
1761 823 1915 859 omnino

456 878 662 915 secundum
685 879 845 916 formam
867 881 1003 916 statuti
1021 893 1107 917 cum
1130 880 1252 917 tribus
1275 881 1578 928 responsionibus
1599 882 1788 918 sufficiant
1808 881 1842 917 ei
1865 881 1914 918 ad

456 938 711 985 incipiendum
729 939 767 974 in
785 938 931 975 artibus

362 997 504 1033 Eadem
535 998 657 1044 gratia
684 997 732 1034 de
763 998 876 1034 verbo
909 999 949 1035 in
982 999 1138 1035 verbum
1168 999 1386 1036 conceditur
1413 1000 1576 1037 dominis
1609 999 1737 1048 Rabye
1771 1000 1914 1047 Morley

455 1056 654 1094 Cockroste
678 1062 717 1094 et
742 1058 904 1094 Batman

363 1117 461 1152 Item
478 1117 696 1153 conceditur
711 1117 864 1154 domino
882 1118 1084 1166 Barwycke
1100 1121 1143 1155 vt
1159 1121 1182 1155 9
1198 1119 1351 1154 termini
1367 1122 1454 1166 post
1475 1118 1623 1154 finalem
1640 1118 1721 1154 eius
1737 1118 1911 1154 determi-

456 1176 648 1211 nationem
678 1176 717 1212 in
741 1176 882 1223 quibus
905 1177 1082 1214 lectiones
1107 1177 1346 1225 or[di]narias
1370 1177 1519 1214 audiuit
1547 1177 1634 1213 licet
1660 1189 1735 1213 non
1761 1177 1915 1213 omnino

457 1234 664 1270 secundum
700 1235 861 1271 formam
898 1236 1036 1271 statuti
1073 1247 1159 1271 cum
1191 1235 1339 1271 duabus
1374 1235 1710 1272 declamationibus
1754 1235 1915 1282 publicis

456 1293 634 1339 quoniam
658 1297 812 1341 propter
835 1294 1147 1342 impedimentum
1170 1293 1324 1330 auditus
1346 1294 1569 1341 respondere
1588 1306 1663 1331 non
1690 1295 1817 1342 potuit
1837 1295 1914 1331 suf-

456 1352 558 1387 ficiat
582 1352 616 1388 ei
642 1352 690 1388 ad
715 1353 970 1400 incipiendum
995 1353 1035 1389 in
1059 1352 1205 1389 artibus

362 1410 460 1445 Item
481 1410 698 1447 conceditur
718 1411 871 1448 domino
892 1412 916 1448 J
920 1412 1063 1448 honson
1087 1414 1129 1447 vt
1151 1423 1215 1447 sex
1238 1411 1390 1447 termini
1412 1414 1499 1458 post
1519 1411 1668 1447 finalem
1693 1412 1774 1448 eius
1792 1412 1913 1448 deter-

456 1470 701 1506 minationem
727 1471 766 1506 in
791 1470 930 1517 quibus
954 1471 1132 1507 lectiones
1154 1470 1361 1507 ordinarias
1383 1470 1532 1507 audiuit
1553 1470 1641 1507 licet
1661 1483 1735 1506 non
1759 1471 1912 1508 omnino

455 1529 661 1565 secundum
686 1529 844 1565 formam
869 1530 1005 1566 statuti
1034 1542 1101 1577 per
1125 1530 1304 1566 maiorem
1328 1533 1475 1577 partem
1500 1530 1539 1566 111
1568 1532 1650 1566 toto
1674 1542 1760 1566 cum
1790 1530 1912 1567 tribus

455 1587 759 1634 responsionibus
783 1588 973 1624 sufficiant
997 1589 1031 1624 ei
1055 1587 1103 1624 ad
1129 1587 1382 1635 incipiendum
1408 1588 1447 1624 in
1472 1587 1618 1624 artibus

361 1646 502 1683 Eadem
526 1647 647 1693 gratia
671 1647 888 1684 conceditur
910 1647 1063 1684 domino
1089 1647 1228 1695 Baylye
1253 1647 1437 1684 verbatim

362 1706 459 1741 Item
477 1706 694 1742 conceditur
709 1706 862 1742 domino
880 1706 1029 1742 Horton
1047 1709 1088 1742 vt
1105 1718 1238 1742 novem
1256 1707 1408 1742 termini
1427 1710 1512 1754 post
1530 1706 1678 1743 finalem
1695 1708 1775 1743 eius
1791 1707 1911 1744 deter-

455 1766 700 1801 minationem
726 1766 763 1801 in
785 1765 923 1813 quibus
947 1766 1126 1802 lectiones
1148 1766 1355 1802 ordinarias
1377 1766 1526 1802 audiuit
1550 1766 1637 1802 licet
1662 1778 1736 1803 non
1759 1768 1912 1804 omnino

453 1824 659 1860 secundum
677 1825 835 1861 formam
854 1825 990 1861 statuti
1011 1836 1097 1860 011111
1114 1824 1261 1861 duabus
1278 1825 1584 1872 responsionibus
1601 1826 1778 1872 quoniam
1799 1827 1913 1862 tertia

454 1896 520 1931 per
544 1896 640 1920 nova
664 1887 812 1921 statuta
835 1885 978 1931 acquiri
1004 1896 1078 1920 non
1105 1888 1230 1931 potest
1252 1885 1441 1922 sufficiant
1465 1885 1498 1922 ei
1521 1885 1568 1922 ad
1594 1886 1849 1933 incipiendum
1872 1887 1911 1922 in

452 1941 599 1978 artibus

360 2001 457 2038 Ioem
475 2002 692 2038 conceditur
706 2002 859 2038 domino
877 2002 1044 2038 Mahewe
1062 2005 1103 2037 vt
1119 2014 1183 2038 sex
1201 2002 1351 2038 termini
1374 2006 1459 2050 post
1477 2003 1625 2039 finalem
1639 2003 1718 2039 eius
1735 2003 1909 2040 determi-

453 2060 644 2096 nationem
675 2061 713 2096 in
743 2059 882 2107 quibus
910 2060 1088 2096 lectiones
1117 2060 1323 2096 ordinarias
1351 2060 1500 2096 audiuit
1531 2060 1619 2096 licet
1651 2072 1725 2096 11011
1757 2062 1909 2097 omnino

452 2118 656 2155 secundum
681 2119 838 2155 formam
862 2119 997 2155 statuti
1020 2131 1106 2155 cum
1130 2119 1252 2155 tribus
1275 2119 1579 2167 responsionibus
1600 2119 1789 2156 sufficiant
1806 2120 1840 2156 ei
1860 2119 1908 2156 ad

454 2177 707 2225 incipiendum
726 2178 764 2214 in
781 2177 927 2214 artibus

359 2236 498 2273 Eadem
521 2237 643 2283 gratia
658 2236 705 2273 de
722 2236 835 2273 verbo
859 2237 897 2273 in
916 2236 1071 2274 verbum
1093 2237 1311 2274 conceditur
1331 2237 1493 2274 dominis
1520 2237 1745 2285 Pilkyngton
1771 2237 1851 2274 Idle
1870 2241 1909 2274 et

452 2297 575 2344 Graye
591 2296 638 2333 de
655 2296 767 2333 verbo
785 2297 823 2333 in
840 2297 996 2333 verbum

359 2355 456 2391 Item
483 2354 701 2392 conceditur
725 2355 878 2391 domino
907 2355 1080 2403 Haryson
1106 2359 1148 2392 vt
1177 2358 1200 2392 9
1228 2355 1379 2392 termini
1405 2356 1501 2392 cum‘
1517 2356 1678 2392 termino
1703 2356 1741 2392 in
1767 2368 1842 2403 quo
1867 2356 1906 2392 in

450 2413 589 2461 quibus
606 2414 783 2450 lectiones
797 2413 1003 2450 ordinarias
1016 2414 1164 2451 audiuit
1177 2413 1264 2450 licet
1277 2425 1350 2450 non
1365 2413 1517 2450 omnino
1529 2413 1734 2450 secundum
1748 2413 1906 2450 sormam

450 2473 585 2509 statuti
615 2485 701 2509 cum
735 2472 857 2509 tribus
886 2472 1192 2521 responsionibus
1219 2473 1409 2509 sufficiant
1433 2473 1467 2509 ei
1496 2472 1543 2509 ad
1579 2472 1832 2520 incipiendum
1867 2474 1905 2509 in

450 2531 596 2568 artibus

358 2590 453 2627 Item
479 2590 696 2627 conceditur
718 2589 871 2626 domino
895 2590 998 2626 Saite
1025 2594 1065 2627 vt
1089 2602 1152 2626 sex
1175 2590 1326 2626 termini
1351 2594 1436 2637 post
1458 2589 1607 2626 finalem
1630 2590 1710 2626 eius
1732 2589 1906 2627 determi-

450 2650 640 2686 nationem
671 2650 709 2685 in
743 2649 881 2697 quibus
909 2649 1085 2686 lectiones
1117 2648 1324 2686 ordinarias
1351 2649 1502 2686 audiuit
1534 2649 1621 2686 licet
1650 2661 1723 2686 non
1753 2650 1907 2686 omnino

448 2707 654 2745 secundum
678 2708 836 2745 formam
859 2708 995 2745 statuti
1016 2719 1102 2745 cum
1125 2707 1247 2745 tribus
1269 2707 1571 2756 responsionibus
1594 2708 1783 2746 sufficiant
1802 2709 1835 2745 ei
1858 2709 1906 2746 ad

451 2766 704 2815 incipiendum
723 2767 760 2803 in
779 2766 925 2804 artibus

356 2826 494 2863 Eadem
527 2827 648 2873 gratia
676 2826 723 2863 de
753 2826 864 2863 verbo
898 2826 935 2863 in
967 2825 1121 2863 verbum
1155 2826 1371 2863 conceditur
1402 2826 1565 2863 dominis
1600 2826 1726 2863 Raven
1762 2826 1834 2863 Bee
1867 2829 1907 2863 et

450 2886 596 2933 Squyre
