2046 3224
289 221 346 262 44
872 230 1023 262 GRAca
1053 230 1178 262 BOOK
1209 230 1238 261 Δ
1616 213 1835 273 [1546-47

385 333 424 368 in
451 332 566 368 libros
591 332 866 368 sententiarum
927 333 988 368 Sic
1012 333 1112 379 quod
1137 332 1363 368 admittatur
1386 332 1434 368 ad
1459 330 1722 379 opponendum
1751 331 1843 365 ante

385 391 525 426 festum
542 391 711 426 omnium
729 391 952 427 Sanctorum
970 394 1010 427 et
1026 395 1102 427 stet
1115 402 1306 438 opponens
1322 402 1439 437 vsque
1452 390 1499 426 ad
1516 391 1655 426 festum
1669 387 1840 425 Barnabe

292 450 390 485 Item
411 449 628 485 conceditur
644 449 764 485 eidem
783 453 824 485 vt
847 450 968 496 possit
990 449 1141 485 admitti
1164 449 1212 485 ad
1235 450 1414 496 placitum
1435 449 1531 485 citra
1550 449 1649 485 diem
1672 449 1838 483 cinerum

384 508 596 554 proximum
621 508 800 554 quoniam
825 508 925 544 diem
951 508 1121 544 Barnabe
1146 509 1227 543 sine
1251 508 1414 543 maximo
1439 520 1507 543 suo
1531 507 1758 544 detrimento
1780 518 1840 542 ex-

382 572 531 615 pectare
549 580 623 603 non
641 570 768 615 potest
784 571 823 603 et
839 571 881 603 vt
898 568 978 603 eius
1002 568 1180 603 admissio
1205 571 1282 603 stet
1305 568 1338 603 ei
1361 579 1428 614 pro
1452 567 1648 614 completis
1668 565 1786 613 gradu
1802 567 1841 601 et

384 627 504 662 forma
528 621 785 662 bacchalamei
815 626 999 673 theologie
1027 630 1067 661 et
1094 626 1318 672 respondeat
1343 630 1431 662 ante
1455 626 1648 661 commitia
1673 625 1842 672 proxima

385 685 456 721 sub
473 698 569 732 pena
586 686 649 721 xls
662 685 836 732 ponenda
847 686 886 720 in
905 684 1079 721 manibus
1095 688 1380 732 procuratorum
1396 689 1599 731 antequam
1616 685 1843 721 admittatur

292 745 390 780 Item
413 745 631 781 conceditur
647 748 689 781 vt
711 745 832 791 gratia
855 744 1035 791 superiori
1058 744 1119 780 die
1141 755 1316 779 concessa
1332 744 1452 779 eidem
1475 747 1558 780 rata
1574 747 1613 779 et
1634 744 1742 780 firma
1761 754 1841 778 esse

384 804 504 850 possit
529 815 604 838 non
629 803 806 839 obstante
830 802 931 849 quod
956 814 1031 838 non
1057 801 1332 838 admittebatur
1355 805 1443 838 ante
1466 802 1566 838 diem
1592 803 1631 838 in
1653 814 1698 838 ea
1721 802 1842 848 gratia

385 863 636 909 prescriptum
662 863 752 909 quia
776 873 843 909 per
867 862 1020 908 negocia
1043 861 1174 897 adesse
1198 873 1273 897 non
1303 863 1452 907 poterat
1525 861 1587 897 Ita
1613 861 1714 908 quod
1743 872 1843 896 nunc

386 921 614 957 admittatur
639 922 737 957 infra
761 921 992 968 quindenam

293 980 391 1016 Item
408 981 626 1017 conceditur
650 981 831 1027 Magistro
849 980 1026 1027 Rawlyns
1044 983 1086 1015 vt
1102 979 1272 1016 studium
1290 982 1454 1026 quatuor
1469 990 1652 1015 annorum
1675 979 1715 1014 in
1738 978 1841 1014 theo-

386 1039 483 1086 logia
505 1044 706 1087 postquam
726 1039 909 1086 inceperit
931 1039 970 1075 in
993 1038 1139 1074 artibus
1165 1050 1250 1074 cum
1273 1037 1421 1074 duobus
1445 1037 1679 1074 sermonibus
1701 1049 1774 1073 vno
1794 1036 1842 1072 ad

386 1099 527 1136 clerum
543 1100 662 1135 altero
678 1099 727 1135 ad
743 1111 891 1135 crucem
910 1098 1015 1134 Pauli
1041 1102 1080 1134 et
1096 1110 1183 1134 cum
1200 1109 1275 1134 vna
1291 1098 1531 1144 responsione
1547 1099 1636 1133 ante
1651 1096 1844 1133 eommitia

386 1160 556 1206 proxima
577 1158 648 1195 sub
670 1170 768 1206 pena
791 1158 976 1194 cautionis
999 1158 1110 1193 realis
1133 1157 1199 1193 xls
1220 1157 1391 1204 ponende
1412 1157 1452 1192 in
1475 1156 1650 1193 manibus
1672 1167 1844 1203 procura-

386 1222 511 1254 torum
527 1222 731 1265 antequam
749 1218 977 1254 admittatur
997 1217 1159 1253 sufficiat
1181 1217 1215 1252 ei
1241 1216 1288 1253 ad
1313 1216 1533 1252 intrandum
1558 1216 1598 1252 in
1622 1215 1738 1251 libros
1761 1226 1843 1250 sen-

386 1278 591 1314 tentiarum
636 1278 698 1313 Sic
710 1277 810 1324 quod
824 1277 1052 1313 admittatur
1064 1282 1143 1312 tam
1157 1275 1204 1312 ad
1217 1275 1481 1322 opponendum
1495 1286 1611 1322 quam
1624 1274 1843 1310 intrandum

385 1335 433 1372 ad
455 1336 637 1383 placitum
654 1336 750 1371 citra
766 1336 906 1371 festum
929 1334 1101 1370 Barnabe
1117 1339 1156 1370 et
1177 1346 1252 1370 non
1270 1337 1445 1370 teneatur
1460 1333 1508 1369 ad
1525 1333 1736 1370 vlteriorem
1754 1333 1843 1368 resi-

385 1395 552 1432 dentiam
572 1396 644 1432 nisi
662 1402 703 1431 vt
720 1395 897 1431 conviuat

292 1455 392 1490 Item
418 1455 635 1491 conceditur
662 1455 844 1501 Magistro
870 1453 993 1500 Oosyn
1019 1455 1062 1488 vt
1087 1451 1258 1488 studium
1287 1463 1351 1488 sex
1380 1463 1565 1488 annorum
1592 1452 1631 1487 in
1658 1451 1844 1497 theologia

386 1519 587 1561 postquam
610 1514 746 1550 rexerit
770 1514 808 1549 in
828 1512 976 1548 artibus
1000 1523 1087 1547 cum
1109 1511 1256 1548 duobus
1278 1512 1514 1548 sermonibus
1534 1523 1607 1547 vno
1631 1510 1679 1546 ad
1704 1511 1844 1546 clerum

385 1573 504 1609 altero
536 1573 583 1609 ad
616 1585 764 1608 crucem
805 1572 911 1607 Pauli
944 1576 983 1608 et
1015 1583 1102 1606 cum
1138 1582 1212 1606 vna
1250 1571 1490 1618 responsione
1525 1573 1614 1606 ante
1651 1569 1844 1605 commitia

386 1633 556 1680 proxima
577 1631 649 1668 sub
674 1643 770 1679 pena
794 1631 980 1667 cautionis
1005 1630 1071 1665 xls
1097 1629 1266 1677 ponende
1292 1630 1331 1666 in
1359 1629 1534 1666 manibus
1560 1632 1844 1676 procuratorum

386 1695 591 1738 antequam
624 1690 853 1726 admittatur
880 1689 1042 1725 sufficiat
1073 1689 1107 1724 ei
1141 1687 1190 1724 ad
1223 1687 1443 1724 intrandum
1477 1688 1516 1723 in
1549 1687 1664 1723 libros
1695 1689 1843 1723 senten-

386 1751 526 1786 tiarum
588 1750 649 1785 Sic
665 1749 767 1796 quod
790 1748 1017 1784 admittatur
1039 1751 1120 1783 tam
1142 1747 1190 1783 ad
1207 1746 1472 1794 opponendum
1488 1758 1603 1793 quam
1626 1745 1845 1782 intrandum

387 1809 484 1845 infra
505 1819 673 1844 mensem
696 1807 744 1844 ad
767 1807 947 1855 placitum
964 1810 1004 1843 et
1020 1819 1095 1842 non
1113 1809 1287 1842 teneatur
1302 1806 1350 1842 ad
1367 1806 1581 1842 vlteriorem
1603 1805 1844 1842 residentiam

388 1867 459 1903 nisi
478 1870 520 1902 vt
537 1866 712 1902 conviuet

296 1926 394 1962 Item
422 1925 639 1961 conceditur
668 1925 849 1971 Magistro
879 1923 1067 1971 Langdale
1096 1926 1138 1959 vt
1163 1923 1356 1970 responsio
1383 1923 1464 1959 eius
1497 1922 1683 1969 theologia
1715 1921 1846 1958 habita

389 1996 488 2020 nunc
514 1984 552 2020 in
577 1983 782 2020 commitiis
805 1987 882 2019 stet
907 1978 941 2018 ei
966 1994 1034 2030 pro
1058 1993 1228 2018 sermone
1250 1981 1298 2017 ad
1321 1981 1462 2017 clerum
1484 1980 1532 2017 ad
1557 1992 1670 2027 quem
1694 1983 1846 2016 tenetur

389 2043 534 2079 ratione
558 2041 695 2090 gradus
720 2042 1052 2078 bacchalaureatus
1076 2041 1115 2076 in
1141 2040 1328 2086 theologia
1352 2040 1515 2086 suscepti

904 2342 1066 2386 Doctor
1096 2341 1242 2398 legum

300 2458 394 2494 Item
418 2457 635 2493 conceditur
659 2457 843 2493 Richardo
868 2457 998 2505 Farley
1023 2461 1064 2493 vt
1086 2456 1256 2493 studium
1279 2459 1319 2491 et
1342 2454 1506 2503 practica
1531 2457 1574 2490 14
1595 2466 1779 2490 annorum
1805 2454 1843 2490 in

386 2517 472 2564 jure
496 2517 596 2553 ciuili
625 2521 711 2564 post
735 2517 816 2553 eius
840 2517 1037 2554 introitum
1061 2518 1098 2553 in
1124 2516 1254 2553 eodem
1280 2515 1441 2552 sufficiat
1464 2515 1497 2550 ei
1520 2514 1568 2550 ad
1592 2513 1843 2561 incipiendum

393 2577 429 2612 iu
453 2576 581 2612 eodem
602 2577 686 2622 jure
748 2577 809 2613 Sic
831 2581 873 2613 vt
896 2577 978 2613 eius
1000 2577 1179 2613 admissio
1201 2579 1277 2612 stet
1299 2575 1332 2611 ei
1359 2586 1426 2622 pro
1447 2573 1643 2620 completis
1664 2572 1780 2620 gradu
1806 2577 1846 2609 et

392 2636 510 2672 sonna
533 2636 711 2682 quoniam
737 2635 866 2672 adesse
891 2636 929 2672 in
955 2636 1159 2672 commitiis
1185 2634 1286 2671 nullo
1312 2633 1421 2670 modo
1446 2636 1570 2680 potest
1633 2632 1693 2667 Ita
1717 2634 1843 2668 tamen

393 2699 434 2730 vt
458 2694 582 2731 mlum.
607 2695 842 2732 vniueraitati
869 2695 919 2731 xl·
