2046 3224
218 525 366 565 §.2lb

387 178 442 220 52
967 193 1119 226 emon
1148 194 1272 226 Boon
1303 194 1333 227 Δ
1709 185 1930 242 [1547-48

843 529 1153 572 Bacchalaurei
1184 529 1228 571 in
1261 529 1479 586 theologia

386 652 431 687 In
456 653 588 699 primis
612 653 830 689 conceditur
851 654 1030 700 magistro
1047 653 1262 690 Thurlande
1279 657 1321 690 vt
1337 653 1507 690 studium
1524 658 1669 702 septem
1692 667 1875 692 annorum
1893 655 1932 691 in

478 712 666 759 theologia
687 724 773 748 cum
795 713 942 748 duobus
964 712 1199 749 sermonibus
1217 725 1290 749 vno
1309 713 1357 749 ad
1374 713 1515 750 clerum
1532 714 1650 751 altero
1666 715 1713 751 ad
1730 727 1878 751 crucem
1895 717 1950 750 ea

479 783 565 807 cum
591 772 702 807 unica
725 772 965 819 responsione
988 772 1162 808 habenda
1188 772 1260 808 sub
1284 784 1381 819 pena
1410 773 1460 809 xl⁸
1488 773 1661 820 ponenda
1690 774 1729 810 in
1759 774 1934 810 manibus

481 834 764 876 procuratorum
786 835 875 867 ante
897 832 978 867 eius
1000 831 1266 867 admissionem
1289 832 1451 868 sufficiat
1474 833 1509 869 ei
1533 833 1579 869 ad
1606 833 1870 880 opponendum
1895 836 1934 868 et

480 889 699 925 intrandum
724 890 764 925 in
787 889 902 925 libros
923 890 1197 926 sententiarum
1246 890 1307 926 Sic
1327 891 1428 937 quod
1445 891 1673 928 admittatur
1687 891 1735 928 ad
1753 892 1934 939 placitum

479 948 575 983 citra
591 949 785 984 commitia
800 949 970 995 proxima
985 951 1025 984 et
1041 961 1116 984 non
1134 952 1309 985 teneatur
1324 949 1372 986 ad
1391 949 1602 986 vlteriorem
1621 950 1863 986 residentiam
1881 950 1935 986 sic

479 1006 580 1053 quod
597 1007 719 1043 solvat
735 1007 785 1043 xl·
802 1007 1041 1044 vniuersitati

386 1066 486 1102 Item
511 1065 730 1102 conceditur
753 1066 934 1113 magistro
958 1066 1102 1102 Pullaio
1124 1070 1167 1102 vt
1189 1066 1359 1103 studium
1382 1070 1466 1103 octo
1488 1079 1672 1103 annorum
1693 1068 1732 1103 in
1750 1067 1936 1114 theologia

479 1130 681 1172 postquam
706 1125 843 1160 rexerit
866 1125 906 1160 in
931 1124 1078 1161 artibus
1099 1137 1186 1161 cum
1208 1124 1355 1162 duobus
1377 1124 1611 1162 sermonibus
1629 1137 1702 1162 vno
1723 1126 1771 1162 ad
1794 1126 1934 1163 clerum

479 1184 598 1220 altero
623 1183 670 1219 ad
697 1195 846 1219 crucem
877 1182 984 1219 Pauli
1011 1187 1050 1219 et
1078 1195 1166 1220 cum
1193 1184 1302 1220 vnica
1334 1184 1574 1231 responsione
1607 1185 1665 1220 vel
1698 1185 1869 1231 pluribus
1901 1186 1935 1222 si

479 1242 676 1288 exigantur
691 1241 853 1278 sufficiat
869 1240 942 1277 sibi
958 1240 1006 1277 ad
1023 1241 1289 1288 opponendum
1305 1244 1345 1278 et
1361 1241 1580 1278 intrandum
1598 1242 1637 1278 in
1654 1242 1769 1279 libros
1785 1248 1934 1280 senten-

480 1302 619 1338 tiarum
685 1302 747 1338 Ita
778 1301 879 1349 quod
907 1301 1130 1348 respondeat
1155 1306 1361 1352 antequam
1389 1302 1617 1339 admittatur
1641 1307 1680 1339 et
1708 1303 1936 1340 admittatur

480 1361 527 1397 ad
553 1361 736 1408 placitum

387 1420 529 1456 Eadem
546 1420 668 1466 gratia
683 1420 731 1455 de
747 1419 861 1456 verbo
878 1420 918 1456 in
936 1419 1092 1456 verbum
1113 1419 1331 1457 conceditur
1347 1420 1526 1467 magistro
1545 1420 1700 1468 Hopper

388 1480 486 1515 Item
520 1478 739 1515 conceditur
769 1479 925 1515 eiisdem
954 1482 997 1515 vt
1028 1480 1288 1527 responsiones
1319 1480 1526 1527 theologice
1557 1480 1605 1516 ad
1632 1492 1727 1527 quas
1757 1483 1935 1517 tenentur

480 1538 625 1574 ratione
664 1537 802 1584 gradus
843 1537 1174 1575 bacchalaureatus
1214 1539 1254 1575 in
1300 1538 1488 1586 theologia
1528 1539 1754 1586 sussipiendi
1795 1539 1934 1576 differri

480 1597 625 1643 possint
678 1597 740 1633 Ita
763 1597 864 1643 quod
889 1597 982 1633 fiant
1007 1597 1176 1644 proximo
1199 1609 1298 1633 anno
1323 1596 1396 1633 sub
1419 1608 1516 1644 pena
1540 1598 1726 1634 cautionis
1750 1598 1860 1634 realis
1885 1598 1936 1635 xl·

482 1655 651 1702 ponende
676 1656 714 1691 in
741 1655 916 1692 manibus
933 1659 1217 1703 procuratorum
1234 1659 1439 1703 antequam
1455 1656 1741 1704 admitta[n]tur
1756 1657 1934 1704 quoniam

480 1713 650 1750 doctores
666 1714 725 1749 cui
744 1713 994 1761 respondeant
1010 1714 1114 1750 nullo
1132 1714 1242 1764 modo
1260 1713 1395 1750 habere
1417 1715 1564 1761 possint
1588 1718 1677 1751 ante
1699 1718 1849 1762 tempus
1870 1727 1937 1762 per

479 1774 620 1819 gratias
636 1785 724 1808 suas
740 1773 989 1820 prescriptum

389 1832 484 1867 Item
503 1832 720 1868 conceditur
737 1832 916 1878 magistro
935 1832 1077 1868 Barker
1093 1832 1191 1868 Aule
1208 1831 1316 1868 Clare
1333 1836 1374 1868 vt
1395 1831 1566 1868 studium
1583 1835 1667 1869 octo
1689 1843 1873 1869 annorum
1896 1833 1933 1869 in

480 1891 666 1939 theologia
683 1897 884 1939 postquam
902 1893 1038 1928 rexerit
1055 1892 1094 1928 in
1111 1891 1259 1928 artibus
1275 1903 1361 1927 cum
1378 1890 1525 1927 duobus
1542 1890 1778 1927 sermonibus
1795 1903 1868 1928 vno
1887 1892 1934 1929 ad

481 1951 621 1987 clerum
638 1951 756 1987 altero
772 1951 819 1987 ad
842 1963 989 1988 crucem
1008 1951 1113 1987 Pauli
1134 1956 1174 1987 et
1196 1963 1282 1987 cum
1303 1951 1412 1987 vnica
1428 1950 1668 1998 responsione
1685 1950 1742 1987 vel
1764 1950 1936 1998 pluribus

481 2008 512 2043 si
545 2008 744 2054 exigantur
775 2008 937 2044 sufficiat
963 2007 1034 2043 sibi
1064 2007 1111 2044 ad
1142 2007 1406 2055 opponendum
1434 2010 1473 2043 et
1501 2007 1720 2043 intrandum
1750 2007 1788 2043 in
1821 2007 1936 2044 libros

481 2067 755 2103 sententiarum
807 2067 868 2103 lta
892 2066 993 2114 quod
1019 2066 1242 2114 respondeat
1265 2069 1469 2113 antequam
1493 2065 1721 2102 admittatur
1741 2068 1780 2102 et
1799 2066 1933 2103 admit-

481 2128 586 2162 tatur
601 2125 648 2162 ad
667 2126 848 2173 placitum

391 2185 486 2221 ltem
511 2184 729 2221 conceditur
753 2185 933 2231 magistro
958 2185 1134 2232 Heskyns
1152 2187 1193 2220 vt
1213 2183 1382 2220 studium
1406 2186 1550 2231 septem
1572 2194 1755 2219 annorum
1776 2184 1813 2219 in
1833 2183 1935 2220 theo-

481 2242 577 2289 logia
594 2246 793 2289 postquam
816 2242 997 2289 inceperit
1019 2242 1057 2278 in
1080 2241 1227 2278 artibus
1249 2253 1334 2278 cum
1360 2240 1507 2277 duobus
1531 2240 1765 2277 sermonibus
1791 2253 1863 2277 vno
1887 2242 1935 2279 ad

480 2300 576 2336 clero
608 2300 726 2337 altero
757 2299 804 2337 ad
838 2312 984 2336 crucem
1021 2300 1124 2336 Pauli
1158 2303 1198 2336 et
1229 2311 1316 2336 cum
1351 2311 1425 2335 vna
1458 2298 1699 2347 responsione
1730 2302 1934 2346 antequam

480 2358 707 2395 admittatur
730 2359 891 2395 sufficiat
913 2359 947 2394 ei
971 2358 1017 2395 ad
1042 2357 1260 2395 intrandum
1278 2358 1316 2394 in
1335 2357 1450 2394 libros
1473 2357 1746 2394 sententiarum
1764 2358 1818 2393 sic
1834 2358 1935 2405 quod

481 2418 709 2454 admittatur
729 2417 776 2455 ad
799 2417 1063 2465 opponendum
1086 2420 1175 2454 ante
1203 2417 1343 2454 Pascha
1364 2420 1403 2453 et
1427 2420 1504 2453 stet
1529 2427 1721 2464 opponens
1747 2428 1862 2464 vsque
1887 2417 1934 2454 ad

481 2478 618 2514 festum
640 2477 807 2514 Bai-nabe

392 2537 485 2573 Item
502 2536 720 2574 conceditur
734 2538 911 2584 magistro
928 2537 1065 2574 Parker
1083 2542 1124 2573 vt
1139 2536 1309 2573 studium
1327 2541 1471 2584 septem
1489 2546 1673 2572 annorum
1693 2536 1731 2571 in
1750 2534 1935 2583 theologia

482 2603 680 2644 flnmtquam
708 2598 844 2634 rexerit
869 2598 907 2634 iu
932 2596 1079 2634 artibus
1101 2609 1186 2634 oum
1207 2596 1354 2634 duobus
1372 2594 1608 2633 sermonibus
1627 2606 1699 2631 vno
1721 2594 1768 2631 ad
1792 2594 1932 2633 clerum

480 2657 597 2693 alten-o
621 2657 668 2693 ad
694 2668 840 2693 enicem
871 2657 973 2694 Pauli
999 2660 1039 2694 et
1067 2668 1152 2693 cuni
1185 2668 1257 2693 vna
1284 2655 1521 2703 responsione
1546 2666 1644 2690 anno
1671 2653 1838 2702 proximo
1862 2654 1934 2690 sub

481 2729 577 2765 pena
593 2716 779 2752 ‹mutionin
797 2715 905 2752 realis
923 2715 972 2752 xl·
988 2715 1159 2764 ponende
1177 2715 1214 2751 in
1234 2713 1408 2751 manibus
1425 2718 1708 2761 procuratorum
1726 2716 1931 2760 antequam

479 2776 707 2812 mlmittatur
719 2775 880 2812 sufficiat
896 2775 928 2811 ei
947 2774 993 2811 ad
1011 2773 1274 2823 opponendum
1292 2776 1331 2810 et
1348 2772 1565 2810 intrandum
1585 2772 1621 2808 in
1637 2770 1823 2817 theologia
1871 2772 1933 2808 Sic

479 2835 579 2883 quod
605 2835 833 2872 admittatur
857 2838 934 2871 tam
959 2834 1006 2872 ad
1030 2833 1293 2882 opponendum
1317 2844 1431 2880 quam
1450 2830 1668 2870 intrandum
1685 2829 1732 2869 ad
1750 2830 1931 2880 placitum

480 2894 575 2931 citra
591 2893 785 2930 commitit.
803 2892 971 2940 proxima
