2008 3216
177 174 395 229 1564-65]
759 183 910 215 omos
942 183 1066 214 BOOK
1097 183 1127 213 Δ
1639 171 1718 210 185

271 287 436 334 Inglishe
454 287 510 324 W.
529 287 671 323 Gulson
689 287 712 322 J
716 299 747 323 ο.
768 286 976 322 Knewstub
993 286 1050 322 W.
1071 286 1202 332 Lakyn
1222 284 1299 320 Ric.
1323 284 1482 330 Smythe
1499 283 1576 319 Ric.
1600 282 1722 317 Fourd

269 346 457 383 Willelmo
475 347 611 382 Hawes
628 346 735 382 Geor.
755 346 878 382 Slater
894 344 1071 381 Christos.
1091 343 1304 391 Heywoode
1323 342 1419 378 Heu.
1438 342 1598 388 Smythe
1614 341 1723 377 Geor.

271 405 449 452 Lecthlye
478 405 583 441 Geor.
612 405 755 441 Gulson
781 405 963 441 Nicholao
993 403 1117 439 Lovell
1150 403 1207 439 W.
1238 400 1427 438 Ashebole
1455 401 1513 438 Jo.
1546 400 1722 447 Hycklyn

271 464 362 501 Tho.
393 465 526 501 Crosse
550 465 642 502 Tho.
667 464 806 500 Woode
825 464 884 501 .]0.
909 464 1085 499 Fax-mero
1109 462 1187 499 Ric.
1215 461 1326 497 Hunt
1351 461 1482 497 Franc.
1507 459 1725 507 Broughton

271 522 335 558 W⁰
351 523 515 559 Tomson
534 523 686 569 Hugoni
705 522 849 558 Boothe
867 521 959 558 Rob.
979 521 1171 557 Ramsden

178 580 319 617 Eadem
335 580 455 626 gratia
472 580 690 616 conceditur
706 579 787 626 iijsso
804 579 997 615 Februarii
1018 579 1131 614 Henr.
1147 578 1311 614 Withers
1327 589 1414 614 eum
1434 581 1478 613 12
1494 577 1668 613 terminis
1686 578 1725 612 in

271 638 410 686 quibus
435 639 613 674 lectiones
637 637 845 673 ordinarias
871 637 1018 674 audivit
1045 639 1116 673 etc.
1143 636 1332 672 Willelmo
1359 636 1510 672 Walton
1539 636 1727 672 Willelmo

274 697 436 745 Hanbye
453 698 604 734 Bartho.
624 697 737 732 Owen

178 757 406 794 Conceditur
421 756 502 803 iij‘io
520 755 711 792 Februarii
727 755 748 790 J
753 767 786 790 o.
800 755 946 791 Keerne
963 757 1006 790 vt
1025 757 1066 790 11
1086 754 1238 790 termini
1256 755 1295 789 in
1312 753 1451 800 quibus
1464 754 1643 790 lectiones
1655 757 1725 789 etc.

273 816 461 852 sufficiant
478 815 511 851 ei
528 814 576 850 ad
593 813 894 861 respondendum
911 813 1100 860 questioni

182 874 324 911 Eadem
357 874 479 921 gratia
510 872 729 909 conceditur
759 872 889 908 eodem
924 872 1076 918 Hugoni
1110 872 1248 908 Glover
1273 872 1391 908 Anth.
1420 871 1518 918 Cage
1549 871 1726 907 Christos.

277 934 415 970 Shutte
442 932 605 969 Roberto
632 932 747 968 Holte
772 932 864 968 Tho.
892 932 1064 968 Cornelio

181 993 407 1030 Conceditur
430 992 559 1028 eodem
579 991 640 1027 die
666 991 838 1027 Mattheo
865 991 1005 1027 Hulme
1029 994 1071 1028 vt
1093 993 1138 1026 10
1154 990 1307 1026 termini
1325 990 1364 1026 in
1381 990 1520 1037 quibus
1537 994 1606 1025 etc.
1626 990 1727 1025 suffi-

277 1052 380 1087 ciant
396 1050 430 1086 ei
447 1049 495 1086 ad
511 1048 812 1096 respondendum
829 1049 1017 1095 questioni

181 1110 323 1147 Eodem
339 1110 469 1146 eadem
485 1109 608 1155 gratia
624 1107 842 1144 conceditur
858 1108 922 1143 W⁰
940 1107 1041 1143 Dent
1059 1107 1239 1143 Gualtero
1256 1107 1398 1143 Barker

181 1169 409 1206 Conceditur
436 1170 459 1204 9
488 1166 682 1203 Februarii
715 1166 807 1202 Tho.
836 1167 1072 1213 Sperepoynt
1099 1170 1141 1202 vt
1171 1169 1214 1202 12
1244 1167 1397 1202 termini
1425 1166 1463 1202 in
1491 1166 1630 1213 quibus
1657 1171 1727 1203 etc.

274 1228 463 1264 sufficiant
479 1227 512 1262 ei
529 1226 577 1262 ad
595 1226 895 1273 respondendum
913 1226 1102 1273 questioni

180 1287 323 1323 Eadem
339 1286 460 1333 gratia
477 1285 695 1321 conceditur
710 1285 841 1321 eodem
857 1285 880 1320 J
884 1297 916 1321 0.
936 1285 1095 1332 Hardyn

183 1347 324 1382 Eadem
340 1346 462 1392 gratia
478 1357 565 1381 cum
584 1348 625 1381 11
645 1345 818 1381 terminis
835 1345 964 1381 eodem
984 1345 1144 1381 Ricardo
1162 1345 1363 1381 Lancester
1378 1347 1417 1381 et
1435 1345 1529 1380 Ellis
1548 1345 1682 1380 Powell

183 1405 410 1442 Conceditur
435 1404 565 1440 eodem
593 1404 652 1442 J0.
683 1403 903 1450 Higgynson
926 1407 968 1439 vt
999 1407 1038 1439 ll
1062 1404 1214 1440 termini
1238 1416 1324 1439 cum
1348 1404 1511 1440 termino
1532 1405 1571 1440 in
1592 1416 1668 1451 quo
1691 1404 1729 1439 in

277 1463 416 1510 quibus
432 1466 502 1500 etc.
520 1463 710 1499 sufficiant
727 1466 796 1498 etc.

185 1523 426 1570 (Conceditur
454 1522 583 1559 eodem
611 1523 700 1568 Rog.
734 1522 879 1569 Drurye
908 1525 952 1557 ut
983 1525 1026 1557 12
1056 1522 1207 1558 termini
1240 1525 1310 1559 etc.
1337 1522 1527 1558 sufficiant
1555 1525 1629 1558 etc.
1679 1522 1734 1557 sic

280 1586 324 1617 ut
351 1581 433 1628 ejus
456 1580 618 1617 eruditio
647 1580 751 1627 prius
777 1580 1013 1616 examinetur
1038 1584 1077 1616 et
1105 1580 1335 1627 approbetur
1363 1592 1430 1627 per
1457 1581 1734 1617 examinatores

247 1654 263 1673 α
281 1640 393 1687 hujus
409 1639 499 1676 anni
517 1637 690 1686 [erawdD

185 1699 412 1736 Conceditur
428 1701 474 1734 26
491 1698 514 1734 J
517 1697 662 1734 anuarii
681 1697 772 1732 Tho.
792 1696 936 1732 Wilson
954 1700 996 1732 vt
1015 1700 1055 1732 11
1076 1698 1228 1733 termini
1248 1699 1287 1733 in
1304 1697 1443 1744 quibus
1460 1702 1529 1734 etc.
1545 1699 1735 1735 sufficiant

281 1759 314 1794 ei
332 1758 380 1794 ad
396 1757 697 1804 respondendum
715 1757 903 1804 questioni
1105 1756 1130 1771 '⁰

187 1817 329 1853 Eadem
361 1816 483 1863 gratia
514 1816 730 1852 conceditur
761 1815 891 1851 eodem
927 1814 1075 1851 Danieli
1109 1814 1294 1851 Gardiner
1326 1816 1390 1852 W⁰
1424 1816 1550 1864 Bygge
1584 1817 1736 1853 Maritio

283 1876 480 1912 Faukener

189 1934 415 1970 Conceditur
438 1937 476 1969 2ο
499 1933 627 1969 Martii
651 1933 708 1969 Jo.
735 1933 868 1968 Sterne
893 1935 935 1968 vt
962 1935 1006 1968 12
1031 1932 1184 1968 termini
1210 1933 1249 1968 in
1274 1932 1413 1980 quibus
1438 1934 1616 1970 lectiones
1641 1935 1736 1971 ordi·
1754 1933 1782 1973 ἱ.
1805 1933 1857 1972 80
1877 1934 1902 1970 b

283 1992 410 2028 uarias
433 1995 504 2028 etc.
537 1991 728 2027 sufficiant
756 1995 826 2026 etc.
853 1991 907 2026 sic
933 1994 975 2026 vt
1004 1991 1086 2026 eius
1112 1991 1275 2027 eruditio
1303 1992 1408 2038 prius
1436 1993 1673 2029 examinetur
1698 1998 1738 2029 et

282 2050 513 2098 approbetur
528 2062 595 2097 per
610 2051 885 2086 examinatores
901 2050 1015 2086 huius
1031 2051 1121 2086 anni

191 2110 331 2146 Eadem
348 2110 469 2156 gratia
485 2108 704 2144 conceditur
719 2108 849 2144 eodem
867 2109 958 2145 Tho.
978 2107 1105 2156 Olfyld

191 2168 418 2205 Conceditur
437 2167 567 2203 eodem
591 2166 720 2202 eadem
741 2167 862 2212 gratia
886 2167 1015 2203 Ambr.
1042 2167 1185 2204 Fourth
1203 2171 1246 2204 vt
1266 2171 1310 2204 13
1326 2168 1480 2204 termini
1497 2181 1584 2205 cum
1601 2170 1675 2206 hiis
1698 2170 1738 2206 in

285 2226 423 2274 quibus
446 2225 570 2262 abfuit
594 2228 748 2272 propter
772 2229 916 2262 metum
942 2227 1061 2273 pestis
1086 2231 1156 2262 etc.
1184 2228 1375 2263 sufficiant
1396 2231 1466 2264 etc.
1516 2228 1570 2264 sic
1593 2232 1635 2264 vt
1657 2230 1739 2265 eius

285 2285 446 2322 eruditio
470 2288 540 2320 etc.

193 2343 420 2381 Conceditur
447 2343 576 2379 eodem
606 2343 770 2379 Roberto
794 2343 916 2379 Grene
939 2347 982 2379 vt
1006 2347 1050 2380 13
1070 2344 1223 2380 termini
1243 2348 1313 2380 etc.
1337 2345 1527 2380 sufficiant
1551 2346 1586 2381 ei
1610 2345 1659 2382 ad
1683 2358 1738 2382 re·

285 2402 545 2450 spondendum
562 2402 752 2449 questioni

194 2460 420 2497 Conceditur
435 2461 488 2496 ix⁰
505 2460 699 2496 Februarii
722 2460 829 2496 Geor.
852 2459 989 2495 Webbe
1012 2460 1096 2507 xxvj
1122 2472 1242 2496 annos
1262 2464 1352 2496 nato
1372 2464 1414 2496 vt
1435 2462 1498 2508 viij
1524 2462 1676 2498 termini
1699 2464 1739 2499 in

288 2519 426 2567 quibus
442 2522 512 2556 etc.
530 2519 718 2555 sufficiant
734 2519 767 2555 ei
784 2518 832 2555 ad
845 2519 1146 2566 respondendum
1160 2520 1348 2566 questioni
1363 2520 1416 2555 sic
1431 2528 1472 2556 vt
1483 2521 1565 2556 eius
1578 2522 1740 2557 eruditio

289 2579 394 2626 prius
409 2575 645 2614 examinetur
661 2581 700 2614 et
715 2577 946 2624 approbetur
962 2590 1029 2625 per
1045 2579 1320 2615 examinatores
1338 2579 1451 2615 huius
1467 2580 1558 2616 anni

195 2638 422 2675 Conceditur
450 2637 511 2684 ij1¹⁰
540 2638 669 2674 Martii
700 2637 859 2673 Ricardo
889 2637 1060 2673 Gardner
1083 2639 1167 2684 xxvj
1195 2650 1314 2674 annos
1340 2644 1430 2674 nato
1456 2644 1497 2675 vt
1522 2639 1693 2676 studium
1718 2643 1739 2678 7

289 2708 473 2732 annorum
490 2696 530 2731 in
546 2695 832 2732 humanioribus
849 2695 970 2731 literis
986 2696 1126 2743 partim
1143 2697 1182 2732 in
1201 2697 1269 2732 hac
1286 2696 1477 2732 academia
1494 2698 1634 2744 partim
1651 2698 1741 2735 alibi

290 2766 375 2790 cum
401 2753 699 2801 oppositionibus
723 2756 793 2791 etc.
819 2754 982 2790 sufficiat
1004 2755 1038 2790 ei
1061 2758 1131 2790 etc.
1155 2755 1204 2791 ad
1226 2755 1529 2802 respondendum
1551 2758 1741 2803 questioni

291 2813 344 2849 sic
362 2815 404 2849 vt
419 2813 500 2849 eius
516 2812 678 2849 eruditio
694 2817 763 2849 etc.

197 2871 424 2908 Conceditur
440 2873 488 2907 30
504 2871 634 2906 Martii
652 2871 754 2918 Step.
775 2871 1025 2918 Luddyngton
1043 2875 1085 2907 vt
1106 2875 1148 2907 12
1166 2873 1318 2908 termini
1341 2873 1380 2908 in
1403 2873 1542 2920 quibus
1563 2874 1742 2911 lectiones

292 2930 498 2966 ordinarias
526 2933 595 2966 etc.
627 2931 816 2966 sufficiant
840 2931 874 2966 ei
900 2930 947 2966 ad
974 2931 1274 2978 respondendum
1302 2933 1491 2978 questioni
1517 2937 1556 2969 et
1580 2934 1744 2971 finaliter
