2008 3216
195 162 415 220 1556-57]
777 174 929 207 oaAcE
961 174 1086 206 BOOK
1116 175 1146 206 Δ
1661 164 1743 205 123

194 279 293 316 Item
325 279 542 316 conceditur
569 282 612 317 vt
642 280 855 328 disputacio
887 280 1146 328 philosophica
1179 278 1428 326 (visitacionis
1460 278 1642 326 tempore)
1671 289 1746 324 que

284 337 413 374 haberi
441 337 573 374 debuit
600 338 661 374 die
690 338 826 375 Martis
853 339 1021 386 proxime
1048 338 1175 386 elapso
1203 341 1388 384 tanquam
1418 337 1519 373 facta
1547 339 1746 372 censeatur

284 396 408 444 quoad
432 409 583 433 omnem
606 397 767 434 formam
791 397 1014 445 disputandi

193 456 291 492 Item
321 456 538 493 conceditur
562 460 606 493 vt
631 459 711 493 tres
738 457 778 493 in
804 456 974 504 qualibet
1002 456 1184 493 facultate
1212 455 1388 492 videlicet
1417 454 1588 491 doctores
1616 454 1747 500 Yonge

288 514 442 563 Harvye
468 514 639 551 Hatcher
662 514 815 551 Walker
839 515 934 551 Yale
958 515 1130 562 magistri
1160 513 1391 562 Swynborne
1420 513 1580 560 Maptyd
1610 513 1747 560 Myche

287 573 417 610 Raven
451 574 585 622 Barley
616 578 656 611 et
688 574 822 622 Otway
851 586 925 611 vna
957 586 1044 610 cum
1076 573 1230 610 domino
1257 572 1559 609 vicecancellario
1591 575 1631 608 et
1663 583 1746 618 pro-

286 632 522 670 curatoribus
551 633 716 670 habeant
741 637 907 670 vestram
935 633 1208 670 authoritatem
1234 631 1427 668 revidendi
1454 635 1493 667 et
1518 630 1745 667 reformandi

285 692 445 739 antiqua
468 692 686 729 achademie
710 696 859 730 statuta
882 693 988 729 iuxta
1012 695 1182 729 tenorem
1207 691 1454 728 iniunctionis
1478 690 1661 738 superiori
1685 690 1746 726 die

286 751 382 788 lecte
446 751 508 788 Ita
540 751 641 799 quod
674 753 854 800 quicquid
889 753 1091 789 innovetur
1122 756 1190 788 aut
1224 752 1450 788 immutetur
1481 762 1606 786 coram
1640 749 1747 786 vobis

286 810 392 858 prius
419 810 566 858 legatur
592 815 632 848 et
660 823 727 859 per
755 824 821 848 vos
850 811 1080 860 approbetur
1111 812 1333 859 priusquam
1361 809 1477 846 robur
1503 812 1544 846 et
1571 809 1746 846 effectum

285 869 468 906 sortiatur

192 928 292 964 Item
316 927 534 964 conceditur
556 932 597 964 vt
621 928 752 965 doctor
778 929 910 976 Harvy
930 931 969 965 et
994 928 1173 975 magister
1197 927 1377 964 Nicholas
1402 928 1549 975 possint
1573 926 1747 974 supplere

286 988 386 1024 vices
425 987 589 1024 doctoris
630 988 767 1024 Mowse
801 991 841 1025 et
873 988 1045 1035 magistri
1078 987 1252 1036 Vyncent
1285 989 1325 1024 in
1358 988 1429 1024 hac
1461 987 1747 1034 congregacione

286 1050 440 1083 tantum

192 1106 292 1142 Item
324 1117 541 1143 concessum
573 1110 632 1143 est
665 1109 704 1142 3⁰
735 1106 829 1143 Julii
862 1105 963 1154 quod
997 1106 1077 1142 dies
1110 1106 1333 1142 eessacionis
1368 1106 1449 1142 siue
1483 1105 1746 1141 dissolucionis
1764 1104 1791 1142 f.
1815 1104 1906 1142 48b

286 1165 438 1201 termini
466 1164 663 1202 differatur
726 1165 788 1201 Sic
816 1165 917 1212 quod
950 1177 1026 1200 non
1059 1169 1280 1212 prorogetur
1310 1164 1409 1201 vltra
1436 1164 1536 1200 diem
1570 1164 1745 1200 Mercurii

286 1225 498 1272 proximum

192 1283 292 1319 Item
323 1283 541 1320 conceditur
569 1288 611 1320 vt
643 1283 804 1330 eligatur
836 1284 974 1320 tertius
1007 1283 1174 1320 bodellus
1203 1284 1242 1320 in
1271 1283 1483 1320 subsidium
1517 1283 1745 1330 reliquorum

285 1342 447 1379 duorum
473 1342 704 1379 bedellorum

192 1402 291 1439 Item
317 1401 534 1439 conceditur
560 1405 602 1438 vt
630 1403 809 1450 magister
836 1403 948 1451 Edyll
973 1403 1020 1440 de
1046 1404 1199 1451 collegio
1230 1404 1343 1440 Ihesu
1369 1403 1603 1440 emittendus
1629 1404 1680 1439 sit
1706 1404 1743 1439 in

286 1473 404 1498 vnum
429 1461 705 1509 predicatorum
730 1462 948 1499 achademie
971 1463 1042 1499 hoc
1065 1475 1166 1500 anno

191 1572 291 1610 Item
319 1573 539 1610 conceditur
567 1574 747 1620 magistro
776 1575 884 1611 Stere
913 1574 952 1610 in
982 1574 1129 1611 artibus
1156 1574 1338 1621 magistro
1366 1577 1405 1610 et
1430 1573 1622 1620 quondam
1647 1574 1747 1610 socio

282 1632 427 1680 collegii
448 1632 528 1670 diui
553 1633 654 1670 Petri
672 1637 714 1669 vt
736 1632 874 1670 habeat
894 1633 1024 1670 literas
1043 1633 1340 1670 conversationis
1355 1636 1395 1669 et
1410 1632 1549 1679 gradus
1565 1633 1747 1680 sigillatas

285 1691 408 1738 sigillo
424 1695 550 1729 vestro
566 1692 756 1733 communi

193 1809 293 1846 Item
324 1809 542 1846 conceditur
574 1809 754 1856 magistro
786 1809 971 1846 Beamont
999 1811 1042 1845 vt
1075 1810 1195 1856 possit
1223 1809 1378 1846 admitti
1407 1812 1511 1845 extra
1541 1809 1746 1845 terminum

282 1867 394 1915 juxta
414 1870 585 1904 tenorem
606 1868 726 1915 gratie
749 1867 821 1904 sibi
844 1868 1018 1915 superius
1040 1879 1212 1904 concesse
1229 1868 1410 1915 quoniam
1432 1879 1547 1914 agens
1569 1868 1609 1903 in
1631 1869 1746 1914 parti-

287 1926 358 1964 bus
374 1926 508 1964 Wallie
530 1939 618 1963 cum
640 1926 792 1964 domino
814 1939 884 1963 suo
905 1927 1004 1964 circa
1026 1927 1178 1974 negocia
1200 1927 1302 1974 regia
1320 1926 1451 1963 adesse
1470 1939 1546 1963 non
1564 1930 1690 1974 potest
1707 1928 1746 1963 in

287 1986 491 2022 commitiis
514 1986 694 2033 proximis
757 1987 811 2022 sic
836 1989 964 2022 tamen
991 1988 1034 2022 vt
1059 1987 1302 2022 concionetur
1327 1986 1551 2023 conviuetur
1576 1986 1746 2034 disputet

287 2044 513 2081 determinet
536 2048 576 2081 et
599 2048 723 2081 cetera
747 2049 902 2093 peragat
927 2046 1033 2082 iuxta
1058 2045 1218 2082 formam
1243 2046 1381 2082 statuti
