2002 3236
338 174 395 226 534·
924 189 1076 222 umes
1109 188 1232 221 Boon
1264 187 1293 218 Δ
1657 170 1877 229 [1545-46

549 429 772 471 Numerus
804 426 1111 483 Magistrorum
1141 424 1186 467 in
1218 423 1384 466 artibus
1415 421 1545 465 huius
1575 421 1678 463 anni

888 496 1014 539 iuxta
1042 494 1339 538 senioritatem

480 612 614 648 Donell
631 612 890 658 incorporatus
1002 609 1095 645 Dale
1474 605 1771 653 Benyngworthe

481 670 619 717 Taylor
634 673 723 710 actu
739 669 926 705 admissus
1003 667 1097 702 Yale
1474 663 1717 711 Rychardson

577 731 666 765 ante
682 727 879 764 commicia
1007 726 1146 772 Rogers
1477 723 1645 769 Gogman

483 788 621 835 Taylor
1007 784 1190 831 Patrycke
1476 782 1673 829 Vyncente

483 846 685 884 Godshalfe
1004 844 1205 890 Twhaytes
1478 841 1634 877 Watson

486 904 640 952 Mytche
1009 902 1226 948 Redmayne
1479 899 1730 948 Aynsworthe

487 964 637 1011 Parkyn
1009 961 1247 998 Huddleston
1482 959 1683 996 Ruddocke

487 1022 640 1070 Gybson
1011 1021 1161 1057 Maners
1482 1018 1630 1066 Sugden

847 1309 1091 1354 Bacchalau
1098 1310 1159 1353 rei
1190 1309 1409 1367 theologie

351 1436 397 1472 In
422 1437 556 1484 primis
580 1436 797 1473 conceditur
820 1436 1000 1483 magistro
1026 1436 1296 1484 Aynesworthe
1319 1436 1462 1483 collegii
1483 1435 1564 1472 diui
1588 1436 1688 1472 Petri
1710 1435 1900 1483 preposito

447 1498 491 1531 vt
511 1495 682 1532 studium
706 1497 726 1533 7
743 1507 929 1531 annorum
952 1495 991 1531 in
1012 1495 1197 1542 theologia
1218 1498 1305 1542 post
1323 1495 1404 1531 eius
1423 1494 1671 1531 necessariam
1695 1493 1901 1540 regentiam

451 1566 538 1591 cum
560 1554 708 1591 duobus
731 1554 966 1592 sermonibus
986 1566 1059 1590 vno
1080 1554 1129 1591 ad
1151 1554 1293 1591 clerum
1314 1554 1433 1591 altero
1454 1554 1501 1591 ad
1523 1565 1671 1590 crucem
1695 1553 1800 1590 Pauli
1825 1553 1901 1590 suf-

454 1615 556 1651 ficiat
577 1615 611 1651 ei
632 1614 680 1652 ad
697 1614 962 1663 opponendum
985 1618 1025 1651 et
1041 1614 1261 1651 intrandum
1279 1614 1318 1650 in
1335 1613 1522 1660 theologia
1570 1613 1632 1650 Sic
1657 1612 1758 1660 quod
1783 1613 1903 1660 possit

453 1675 594 1711 intrare
617 1674 666 1711 ad
690 1674 871 1722 placitum
900 1678 989 1710 ante
1018 1673 1157 1710 festum
1185 1672 1264 1709 diui
1292 1672 1463 1709 Barnabe
1490 1677 1529 1709 et
1559 1685 1632 1709 non
1657 1675 1832 1709 teneatur
1855 1671 1903 1708 ad

454 1733 666 1770 vitex-iorem
693 1733 934 1770 residentiam

361 1792 460 1829 Item
477 1791 695 1828 conceditur
710 1792 892 1839 magistro
906 1791 1172 1839 Byckardycke
1185 1793 1228 1827 vt
1244 1791 1414 1827 studium
1429 1793 1449 1829 7
1463 1803 1647 1827 annorum
1664 1791 1703 1827 in
1720 1791 1906 1838 theologia

453 1857 653 1900 postquam
677 1851 814 1888 rexerit
837 1852 877 1888 in
899 1850 1045 1888 artibus
1069 1863 1156 1887 cum
1177 1850 1325 1887 duobus
1347 1850 1581 1887 sermonibus
1600 1863 1674 1887 vno
1695 1850 1743 1887 ad
1765 1850 1905 1887 clerum

453 1911 571 1947 altero
595 1910 643 1947 ad
673 1923 821 1947 crucem
849 1910 953 1947 Pauli
984 1913 1023 1947 et
1047 1923 1133 1947 cum
1159 1923 1233 1947 vna,
1256 1910 1495 1957 responsione
1519 1922 1619 1946 anno
1643 1910 1811 1957 proximo
1835 1910 1907 1946 sub

453 1980 550 2016 pena
581 1969 767 2005 cautionis
799 1969 866 2005 xls
899 1968 1071 2016 ponende
1102 1968 1140 2004 in
1174 1968 1350 2004 manibus
1381 1972 1664 2016 procuratorum
1702 1971 1905 2016 antequam

453 2027 682 2064 admittatur
710 2028 872 2065 sufficiat
897 2028 930 2065 ei
957 2027 1004 2064 ad
1033 2027 1297 2075 opponendum
1329 2032 1369 2064 et
1402 2027 1619 2064 intrandum
1650 2027 1688 2064 in
1722 2027 1908 2075 theologia

454 2087 508 2123 sic
531 2086 633 2134 quod
655 2087 774 2134 possit
795 2086 948 2124 admitti
972 2090 1052 2123 tam
1074 2086 1121 2123 ad
1147 2085 1410 2134 opponendum
1433 2098 1547 2134 quam
1570 2086 1789 2123 intrandum
1814 2087 1908 2123 citra.

456 2145 654 2182 commicis
682 2145 852 2194 proxima

364 2204 503 2241 Eadem
533 2204 655 2252 gratia.
682 2203 729 2241 de
758 2204 870 2241 verbo
899 2204 936 2241 in
966 2203 1121 2241 verbum
1155 2196 1372 2241 conceditur
1399 2204 1589 2251 magistris
1618 2204 1763 2252 Draper
1789 2204 1910 2252 Boyes

460 2264 619 2301 Downes
642 2267 682 2301 et
708 2263 921 2313 Helperbye

367 2325 462 2361 Item
486 2323 704 2361 conceditur
726 2324 905 2372 magistro
929 2323 1080 2372 Manley
1102 2330 1145 2361 vt
1169 2323 1339 2361 studium
1364 2335 1428 2361 sex
1452 2335 1635 2360 annorum
1661 2324 1699 2360 in
1726 2323 1912 2371 theologia

459 2388 659 2432 postquam
686 2384 823 2421 rexerit
847 2396 932 2421 cum
958 2383 1105 2421 duobus
1129 2382 1364 2421 sermonibus
1387 2395 1459 2420 vno
1483 2383 1531 2420 ad
1556 2382 1695 2420 olerum
1720 2382 1838 2420 altero
1862 2384 1910 2420 ad

458 2453 605 2478 crucem
633 2441 738 2479 Pauli
763 2445 803 2479 et
827 2454 912 2479 cum
939 2454 1013 2478 vna
1036 2442 1275 2491 responsione
1299 2454 1397 2479 anno
1422 2441 1590 2490 proximo
1611 2441 1683 2478 sub
1708 2453 1804 2489 pena
1825 2454 1910 2478 cau-

460 2501 575 2538 tionis
603 2501 653 2538 xl·
677 2501 847 2549 ponende
871 2502 910 2539 in
937 2502 1112 2539 manibus
1139 2506 1422 2550 procuratorum
1451 2504 1654 2549 antequam
1686 2501 1913 2539 admittatur

459 2560 621 2597 sufficiet
652 2561 684 2597 ei
718 2560 766 2598 sd
795 2561 1058 2610 opponendum
1087 2565 1126 2598 et
1155 2561 1373 2598 intrandum
1407 2561 1445 2598 in
1478 2560 1662 2609 theologis
1725 2560 1779 2598 sio
1811 2561 1910 2609 quod

461 2619 579 2666 possit
600 2618 752 2656 admitti
776 2623 855 2657 tam
877 2620 925 2658 ed
949 2620 1211 2668 opponendum
1229 2632 1342 2668 quam
1367 2620 1584 2657 intrandum
1607 2620 1702 2657 citra
1718 2621 1913 2658 commicia

461 2690 629 2726 proxima

210 2773 235 2813 f.
263 2773 309 2811 15
323 2773 348 2810 b
371 2778 466 2815 Iwm
484 2779 701 2817 conceditur
719 2780 873 2817 Edwino
889 2781 1032 2818 Sandes
1045 2786 1087 2818 vt
1103 2781 1271 2819 studium
1289 2782 1457 2829 quinque
1473 2792 1657 2818 annorum
1675 2780 1712 2817 in
1730 2780 1916 2827 theologia

463 2842 662 2885 posumsm
693 2839 874 2887 inceperit
898 2839 936 2876 in
961 2839 1108 2877 artibus
1133 2851 1207 2877 vna
1230 2851 1315 2877 eum
1341 2838 1488 2877 duobus
1512 2838 1746 2876 sermonibus
1770 2850 1843 2875 vno
1867 2838 1915 2876 ed

463 2895 603 2934 olorum
622 2896 740 2934 altero
762 2897 809 2935 sd
832 2908 979 2935 erucem
1004 2898 1108 2936 Pauli
1133 2901 1174 2936 et
1197 2910 1283 2936 oum
1307 2910 1381 2936 vna
1402 2898 1643 2948 responsione
1665 2898 1723 2938 vel
1746 2898 1916 2947 pluribus
