2008 3294
360 210 445 250 352
942 221 1093 252 GRAcn
1124 221 1247 252 Boox
1278 221 1308 252 Δ
1687 211 1908 266 [1581-82

170 321 198 361 f.
222 323 298 360 136
318 322 347 361 b
362 323 472 360 Mem.
491 324 591 370 quod
607 324 849 362 Abrahamus
865 325 1088 373 Flemmyng
1104 325 1248 372 collegii
1269 325 1371 361 Petri
1392 325 1523 363 Frenc.
1542 325 1644 372 Gage
1659 325 1801 373 collegii
1818 325 1910 362 Jesu

454 386 493 418 et
515 383 721 420 Nicholaus
743 384 907 433 Bestney
926 385 1069 431 collegii
1093 384 1242 431 Regalis
1266 396 1341 420 non
1363 387 1455 421 sunt
1476 385 1690 432 inaugurati
1711 396 1833 432 neque
1854 397 1909 421 re-

453 442 687 488 sponderunt
702 443 893 490 questioni
910 446 950 479 et
967 443 1050 479 ideo
1066 443 1327 479 forisfecerant
1343 443 1535 479 cautiones

360 500 589 538 Conceditur
612 501 776 539 Roberto
800 503 921 539 Booth
938 503 1005 550 qui
1027 505 1109 540 toto
1130 506 1300 550 tempore
1319 502 1459 550 publici
1479 502 1663 540 examinis
1682 502 1855 539 interfuit
1870 506 1910 538 et

453 560 690 597 examinatus
709 563 749 598 et
768 573 835 609 per
854 573 1027 598 censores
1044 564 1242 608 totamque
1258 561 1489 598 academiam
1506 573 1573 609 per
1588 562 1747 608 gratiam
1765 574 1787 598 a·
1803 561 1910 598 vobis

453 631 667 655 concessam
692 619 925 667 approbatus
949 621 1022 656 fuit
1045 624 1084 656 et
1108 623 1287 668 sumptus
1310 632 1397 657 cum
1419 621 1574 668 reliquis
1595 621 1706 658 sociis
1727 621 1910 657 sustinuit

453 677 588 714 deinde
611 679 715 724 gravi
740 678 871 715 morbo
896 682 1091 727 correptus
1115 691 1192 715 non
1215 679 1343 727 potuit
1366 692 1453 716 cum
1477 679 1669 716 sodalibus
1690 680 1844 716 admitti
1866 683 1910 716 vt

453 736 573 782 possit
601 739 727 772 vestra
757 737 985 774 auctoritate
1012 737 1166 774 admitti
1193 740 1233 773 et
1257 737 1482 785 respondere
1507 738 1696 785 questioni
1721 741 1762 775 et
1786 739 1909 776 solvat

453 795 691 831 vniuersitati
715 796 778 843 xiij
791 808 811 831 s
832 796 888 844 iiij
894 795 924 833 'd
946 799 986 832 et
1007 798 1085 833 stet
1107 796 1146 833 in
1170 797 1340 844 proxima
1361 797 1647 845 quadragesima
1712 798 1909 845 (forisfecit

453 853 583 900 mar-9.)

917 1077 1141 1135 [Magistri
1171 1077 1353 1134 artium]

358 1205 448 1242 Coll.
468 1205 570 1242 Trin.
620 1205 848 1242 Conceditur
868 1204 1021 1241 domino
1037 1205 1226 1242 Willelmo
1248 1205 1414 1242 Jackson
1431 1208 1474 1242 vt
1496 1208 1519 1243 9
1535 1206 1688 1243 termini
1711 1209 1798 1254 post
1819 1208 1909 1244 fina-

452 1264 526 1300 lem
545 1265 627 1300 eius
645 1264 1004 1301 determinacionem
1025 1265 1064 1301 in
1082 1264 1221 1312 quibus
1240 1265 1419 1302 lectiones
1435 1265 1582 1302 audivit
1598 1265 1806 1302 ordinm-ias
1822 1266 1910 1304 licet

451 1336 527 1360 non
553 1324 708 1360 omnino
733 1324 943 1360 secundum
969 1324 1131 1361 formam
1158 1325 1296 1361 statuti
1323 1337 1410 1362 cum
1435 1324 1734 1372 oppositionibus
1758 1336 1909 1373 respon-

454 1383 624 1420 sionibus
645 1387 685 1420 et
704 1383 790 1419 aliis
811 1384 999 1420 exercitiis
1020 1396 1088 1431 per
1110 1387 1258 1420 statuta
1277 1384 1379 1431 regia
1398 1384 1590 1431 requisitis
1607 1385 1795 1421 sufficiant
1811 1385 1845 1421 ei
1862 1382 1911 1421 ad

455 1443 711 1490 incipiendum
727 1443 767 1479 in
783 1443 930 1480 artibus

361 1501 502 1538 Eadem
525 1503 646 1548 gratia
670 1501 889 1538 conceditur
912 1501 948 1538 d.
975 1502 1140 1538 Samueli
1167 1502 1296 1538 Heron
1321 1502 1343 1538 J
1347 1515 1379 1539 o.
1404 1502 1553 1539 Overall
1577 1503 1796 1540 Nathanieli
1821 1503 1910 1541 Cole

457 1561 534 1598 Ric.
562 1561 720 1598 Farmar
746 1561 884 1598 Briano
912 1561 1046 1608 Lyster
1073 1561 1151 1599 Ric.
1177 1561 1327 1608 Wright
1353 1562 1416 1598 W⁰
1443 1562 1584 1598 Barker
1610 1562 1740 1599 Franc.
1769 1562 1911 1610 Savage

457 1621 534 1656 Pet.
554 1620 688 1657 Muffet
711 1620 809 1667 Hug.
828 1621 952 1668 Graye
975 1620 1064 1657 Lau.
1085 1621 1161 1668 Ley
1183 1620 1294 1657 Petro
1312 1621 1460 1657 Smarte
1483 1620 1588 1657 Caro.
1607 1621 1774 1658 Fal-rand
1797 1620 1908 1657 Cutb.

456 1679 492 1714 N
493 1691 599 1726 ori-ys
615 1679 794 1716 Gervasio
812 1679 986 1726 Petinger
1005 1679 1096 1715 Tho.
1117 1678 1332 1715 Dickonson
1354 1679 1448 1715 Heu.
1468 1678 1584 1715 Asser
1600 1679 1691 1715 Tho.
1707 1679 1911 1727 Wincoppe

454 1738 519 1773 W⁰
535 1737 670 1775 Clarke
686 1737 751 1773 W⁰
766 1736 936 1774 Foordde

361 1796 416 1832 Ex
444 1795 598 1842 collegio
625 1795 684 1832 J0.
746 1795 923 1832 Christos.
955 1795 1108 1832 Helowe
1136 1795 1242 1833 Caro.
1274 1795 1552 1833 Butterwoorth
1581 1796 1674 1833 Tho.
1705 1796 1909 1845 Pilkynton

456 1856 552 1892 Hen.
583 1855 763 1903 Baldwyn
792 1855 911 1892 mer.
944 1855 1034 1892 Han
1065 1856 1154 1892 Lau.
1188 1856 1407 1903 Parkynson
1440 1856 1498 1892 Jo.
1531 1856 1650 1903 Boyse
1680 1855 1744 1893 W⁰
1772 1857 1907 1905 Smyth

456 1914 614 1951 Ricardo
656 1914 866 1951 Knewstub
907 1915 1003 1952 Heu.
1039 1914 1190 1962 Gybbes
1232 1914 1325 1951 Rob.
1369 1915 1535 1962 Higham
1577 1915 1678 1952 Edw.
1713 1915 1909 1964 ohapman

457 1974 614 2011 Ricardo
639 1974 771 2011 Foster
797 1975 906 2011 Petro
930 1975 1060 2011 Sefton
1089 1975 1167 2011 Pet.
1193 1975 1319 2022 Titley
1345 1974 1436 2011 Rob.
1462 1975 1587 2012 Cooke

363 2033 414 2067 Ex
445 2033 597 2079 collegio
626 2033 769 2070 Christi
829 2034 994 2070 Samueli
1026 2034 1178 2071 Procter
1205 2035 1320 2071 Anto.
1352 2035 1455 2071 Mors
1484 2034 1579 2071 Hen.
1612 2035 1786 2083 Bromley
1815 2036 1907 2073 Rob.

457 2091 673 2128 Hammond
700 2092 777 2128 Ric.
805 2092 914 2129 Levit
939 2093 1110 2129 Samsoni
1137 2093 1290 2140 Shefyld
1318 2093 1395 2129 Ric.
1421 2093 1614 2141 Harl-yson
1642 2094 1783 2142 Rogero
1808 2095 1910 2132 Eliot

458 2151 533 2187 Ric.
565 2150 714 2187 Snoden
745 2150 841 2188 Hen.
874 2150 1035 2187 Haleted
1064 2152 1178 2188 Anto.
1211 2152 1369 2189 Hunton
1400 2151 1491 2189 Rob.
1522 2152 1662 2190 Castell
1697 2153 1787 2191 Rob.
1819 2153 1909 2201 Ogle

460 2209 547 2246 Rob.
566 2210 793 2246 Whitworth
818 2210 881 2246 W⁰
903 2210 1076 2247 Moorton

365 2269 414 2304 Ex
436 2268 589 2315 collegio
613 2268 775 2315 chineo
824 2268 888 2304 W⁰
909 2269 1047 2305 Pal-ker
1068 2269 1160 2306 Tho.
1185 2269 1340 2318 Hawley
1360 2270 1417 2307 Jo.
1444 2269 1593 2308 Dobbes
1615 2271 1706 2308 Tho.
1729 2271 1909 2309 Edwards

458 2327 547 2365 Rob.
566 2327 729 2375 Godfrey
754 2328 831 2364 Ric.
857 2328 1032 2376 Bai-wyse
1054 2328 1129 2366 Cle.
1155 2330 1303 2367 Mai-ten
1328 2330 1405 2366 Ric.
1430 2330 1573 2378 Sparke
1588 2330 1652 2367 W⁰
1676 2331 1803 2368 Horne
1829 2332 1907 2370 Pet.

456 2388 600 2434 Baynes
619 2387 642 2423 J
646 2399 677 2423 o.
698 2386 806 2424 Dodd

363 2446 413 2481 Ex
448 2446 600 2492 collegio
634 2445 808 2493 Corporis
842 2446 983 2483 Christi
1049 2447 1226 2485 Christos.
1263 2446 1442 2495 Pusheley
1474 2447 1650 2484 Christos.
1681 2449 1908 2487 Greenwood

459 2504 552 2540 uun.
575 2504 730 2552 Danyell
756 2504 856 2542 Edw.
878 2505 974 2552 Pago
999 2505 1099 2543 Edw.
1120 2506 1266 2554 Brayne
1282 2506 1383 2544 me.
1403 2506 1615 2554 Hawghton
1637 2507 1728 2544 Rob.
1748 2508 1909 2546 Chenier

457 2563 567 2600 Mich.
587 2564 714 2611 Tynna
733 2563 824 2601 Rob.
843 2565 1015 2602 'rhexton
1034 2566 1141 2602 Geor,
1160 2566 1250 2602 Scot
1267 2565 1330 2602 W⁰
1348 2565 1475 2614 Nayse
1493 2565 1584 2604 Rob.
1603 2566 1719 2603 Stone

363 2623 414 2658 Ex
441 2622 592 2668 collegio
618 2624 661 2660 G.
688 2623 719 2662 δι
745 2623 786 2661 C.
839 2624 917 2661 Pet.
935 2624 1034 2672 Cage
1053 2625 1144 2662 Tho.
1165 2625 1243 2662 Roe
1262 2625 1355 2662 Tho.
1376 2625 1475 2663 Reve
1497 2626 1588 2664 Tho.
1614 2625 1753 2664 Nunne
1775 2627 1906 2665 Miloni

455 2683 577 2719 Momm

364 2742 415 2777 Ex
446 2742 597 2787 collegio
625 2742 716 2779 Jcnu
786 2743 944 2780 nicardo
970 2743 1147 2782 Warfleld
1175 2744 1267 2782 Tho.
1300 2744 1447 2781 Bankea
1478 2744 1574 2793 Ηυξ.
1605 2745 1783 2783 Edwards
1813 2745 1904 2784 Rob.

457 2800 627 2848 Howdyll
651 2801 782 2838 carolo
809 2801 965 2839 Beilnsis

361 2860 411 2895 Ex
438 2860 524 2896 aula
548 2860 656 2897 (tiam
705 2860 768 2897 W⁰
793 2860 960 2899 Breedon
987 2861 1087 2899 Edw.
1113 2861 1325 2899 Cutebman
1354 2861 1430 2900 Ric.
1453 2860 1641 2911 Wylsmer
1665 2862 1772 2902 Edm.
1800 2863 1907 2912 Kaye

449 2918 627 2955 Christos.
653 2919 830 2968 Downing
