2008 3294
122 184 342 239 1582-83]
710 194 861 225 GRACE
892 193 1015 224 BooK
1047 193 1077 224 Δ
1584 187 1668 227 369

121 298 348 335 Conceditur
363 300 493 336 eodem
510 311 596 335 cum
612 299 693 335 dies
710 299 757 336 ad
776 299 1072 346 philosophicam
1088 298 1389 345 disput-wionem
1407 300 1586 346 assignati
1605 312 1671 346 per

216 359 362 392 statuta
378 357 566 393 academie
584 369 658 392 non
675 357 866 392 sufficiunt
884 356 1090 403 incepturis
1108 356 1176 392 hoc
1197 368 1296 392 anno
1319 356 1357 391 in
1380 357 1527 393 artibus
1548 358 1672 404 placet

215 414 321 450 vobis
339 421 380 451 vt
397 418 520 452 vestra
536 415 762 452 auctoritate
778 415 919 452 eisdem
937 415 1143 462 iuoepturis
1155 415 1313 451 liberum
1327 416 1378 451 sit
1390 416 1492 451 omni
1505 416 1670 464 profesto

213 473 274 509 die
291 474 490 510 cuiuslibet
506 474 715 522 septimane
732 475 771 511 in
789 475 950 511 termino
966 474 1246 522 disputaciones
1258 478 1298 510 et
1310 476 1569 522 responsiones
1581 488 1670 512 suas

215 544 301 568 cum
326 534 516 580 magistris
539 546 714 581 peragere
739 534 778 570 in
803 534 942 570 scholis
963 534 1176 570 dialectices
1198 533 1246 570 ab
1268 534 1360 570 hora
1382 546 1481 571 nona
1503 538 1668 572 anteme-

215 590 360 627 ridiana
387 604 504 639 vsque
526 592 574 629 ad
597 592 831 629 vndecimam
855 593 909 629 sic
933 596 975 629 vt
994 593 1089 629 alter
1105 597 1389 640 procuratorum
1407 594 1502 630 assit
1518 598 1558 631 et
1574 607 1671 630 vnus

218 650 444 688 bedellorum
466 655 504 688 et
527 652 655 688 decem
679 652 726 688 ad
752 653 878 688 minus
904 652 1159 689 bacchalaurei
1185 653 1325 689 artium
1351 653 1390 689 in
1415 653 1609 690 habitibus
1633 658 1671 690 et

215 710 430 756 questiones
446 710 673 758 disputande
690 712 781 747 hora
801 715 934 748 octava
955 716 1045 748 ante
1067 711 1365 760 disputacionem
1388 713 1508 749 valvis
1529 713 1670 749 schola-

214 779 298 804 rum
315 768 474 815 publicis
490 770 692 816 affigantur

119 825 345 862 Conceditur
373 830 414 862 15
439 827 614 864 Octobris
664 829 889 876 Supplicant
912 830 1048 866 vestris
1071 830 1294 867 reuerentiis
1317 830 1575 867 bacchalaurei
1600 832 1671 868 hoc
1691 824 1718 862 f·
1746 824 1815 862 141
1838 824 1862 860 b

215 897 313 920 anno
334 885 520 933 incepturi
538 891 580 923 vt
597 898 683 923 cum
700 887 781 924 dies
798 887 956 924 Veneris
980 888 1027 924 ad
1050 887 1200 925 illorum
1218 889 1318 925 inter
1333 901 1374 925 se
1391 889 1672 937 disputaciones

216 948 368 990 propter
394 956 592 981 numerum
617 957 747 982 eorum
777 958 851 982 non
877 947 1040 983 sufficiat
1062 946 1173 983 liceat
1196 951 1322 984 vestra
1346 949 1572 984 auctoritate
1598 949 1672 985 alio

216 1014 289 1037 vno
305 1002 365 1038 die
382 1003 422 1039 in
438 1003 608 1050 qualibet
623 1005 836 1051 septimana
855 1005 903 1041 ad
923 1005 1215 1052 assignationem
1238 1006 1476 1042 dominorum
1499 1019 1674 1054 procura-

217 1064 343 1097 torum
363 1061 476 1097 aliam
498 1062 798 1110 disputacionem
822 1064 1021 1101 instituere
1042 1068 1082 1100 et
1103 1064 1261 1100 alteram
1284 1064 1595 1101 declamationem
1619 1066 1673 1101 ita

218 1123 260 1155 vt
278 1122 323 1155 10
339 1119 596 1158 bacchalaurei
614 1122 692 1158 sint
709 1125 901 1169 presentes
917 1122 1057 1169 alioqui
1074 1122 1287 1170 disputacio
1303 1126 1343 1158 et
1359 1122 1583 1159 declamatio
1606 1136 1672 1171 pro

218 1179 322 1215 nulla
339 1179 522 1216 habeatur

124 1238 350 1274 Conceditur
368 1242 406 1274 1⁰
422 1239 615 1276 Februarii
639 1244 681 1277 vt
703 1241 813 1277 vnica
835 1241 996 1277 variacio
1018 1240 1244 1277 concedatur
1265 1241 1422 1288 singulis
1441 1241 1575 1278 diebus
1597 1242 1671 1279 dis-

218 1297 450 1344 putabilibus
474 1299 514 1335 in
539 1302 697 1346 vti-aque
723 1299 850 1336 schola
874 1299 1154 1346 disputantium
1180 1300 1386 1347 inceptui-is
1411 1300 1480 1336 hoc
1505 1313 1604 1338 anno
1629 1313 1674 1338 ea

217 1358 343 1391 tamen
361 1356 573 1393 conditione
590 1360 632 1393 vt
649 1356 809 1404 quilibet
831 1357 1001 1405 inceptor
1023 1370 1136 1394 vnam
1159 1362 1312 1394 tantum
1335 1358 1474 1395 habeat
1496 1360 1672 1396 variacio-

219 1425 306 1450 nem
322 1417 362 1450 et
377 1415 584 1452 orationem
601 1415 780 1452 instituat
796 1427 909 1463 super
920 1420 1080 1464 vtraque
1096 1418 1294 1464 questione
1310 1420 1350 1453 et
1367 1418 1591 1465 respondeat
1608 1431 1674 1466 per

219 1470 418 1508 dimidium
451 1471 541 1508 hore
573 1471 621 1508 ad
656 1472 853 1508 minimum
889 1473 927 1508 in
962 1473 1152 1520 presentia
1180 1474 1292 1509 vuius
1321 1477 1607 1521 procuratorum
1635 1478 1674 1511 et

221 1530 449 1567 bedellorum
465 1531 559 1567 alias
576 1530 786 1578 disputatio
801 1531 874 1568 erit
891 1531 996 1568 nulla

127 1589 352 1626 Conceditur
368 1593 407 1626 2⁰
424 1590 552 1625 Martii
596 1589 693 1626 Cum
710 1593 842 1627 tantus
859 1602 1039 1628 numerus
1055 1591 1205 1628 videtur
1227 1604 1355 1629 eorum
1379 1593 1445 1640 qui
1468 1594 1506 1628 in
1530 1593 1676 1630 artibus

219 1653 310 1686 sunt
326 1649 511 1696 incepturi
529 1649 598 1685 hoc
614 1661 713 1685 anno
731 1654 773 1686 vt
789 1654 960 1698 tempora
976 1662 1000 1687 a
1014 1651 1119 1687 vobis
1137 1651 1211 1688 illis
1227 1651 1390 1688 antehac
1408 1664 1583 1689 concessa
1601 1665 1675 1689 non

221 1708 410 1744 sufficiant
424 1708 479 1744 eis
494 1707 542 1744 ad
558 1708 623 1744 illa
639 1708 863 1746 scholastica
879 1709 1056 1746 exercitia
1072 1710 1277 1758 prestanda
1298 1714 1337 1747 et
1357 1712 1582 1759 perficienda
1603 1724 1677 1759 que

223 1779 289 1814 per
316 1769 463 1803 statuta
490 1769 614 1803 vestra
643 1767 889 1814 requiruntur
916 1769 1040 1816 placet
1068 1769 1174 1805 vobis
1203 1774 1246 1806 vt
1274 1770 1450 1818 deinceps
1479 1771 1591 1807 liceat
1623 1771 1677 1807 eis

224 1826 380 1873 singulis
406 1825 539 1862 diebus
566 1827 742 1873 profestis
767 1826 816 1863 ab
844 1827 936 1864 hora
960 1829 1083 1875 prima
1107 1829 1363 1876 pomeridiana
1386 1830 1434 1866 ad
1460 1831 1612 1867 tertiam
1638 1830 1677 1866 in

223 1884 360 1920 scholis
387 1885 466 1920 suis
494 1884 655 1932 publicis
682 1885 796 1921 aliam
825 1886 1023 1923 instituere
1052 1887 1350 1935 disputationem
1379 1889 1677 1936 philosophicam

223 1955 296 1990 que
318 1954 386 1991 pro
408 1945 498 1978 actu
519 1943 743 1979 scholastico
766 1943 950 1981 habeatur
970 1945 1081 1982 modo
1103 1950 1229 1993 preter
1245 1959 1268 1983 x
1286 1947 1574 1984 bacchalaureos
1595 1960 1680 1996 pro·

230 2004 446 2038 curatorum
463 2001 560 2037 alter
575 2001 727 2039 intersit
742 2005 782 2039 et
797 2014 842 2039 ex
859 2003 1014 2040 bedellis
1030 2016 1129 2042 vnus

133 2060 361 2096 Conceditur
379 2062 423 2095 15
440 2059 613 2096 Octobris
629 2064 672 2096 vt
689 2062 868 2108 magister
883 2062 906 2098 J
909 2074 940 2099 o.
962 2063 1203 2100 Hutohinson
1217 2065 1269 2100 sit
1281 2077 1380 2101 vnus
1391 2077 1435 2102 ex
1450 2066 1499 2113 xij
1515 2066 1679 2113 predica-

224 2117 370 2154 toribus
385 2117 455 2153 hoc
471 2118 636 2165 presenti
653 2130 753 2155 anno
771 2131 838 2167 per
852 2120 1083 2158 academiam
1101 2123 1322 2159 emittendis
1339 2124 1393 2160 sic
1410 2129 1453 2160 vt
1475 2136 1589 2172 super
1610 2124 1680 2160 hac

225 2177 461 2214 concessione
489 2180 614 2214 vestra
646 2178 775 2215 literas
804 2179 942 2217 habeat
970 2181 1092 2228 sigillo
1121 2185 1246 2218 vestro
1275 2184 1467 2219 communi
1496 2184 1681 2230 sigillatas

227 2237 368 2274 Eadem
389 2238 511 2284 gratia
531 2238 747 2275 conceditur
769 2242 815 2277 26
837 2239 1010 2276 Octobris
1033 2242 1213 2288 magistro
1236 2242 1335 2289 Hug.
1362 2242 1554 2279 Branham
1577 2255 1681 2279 sacre

226 2297 410 2343 theologie
438 2297 704 2334 bacchalaureo
727 2304 768 2335 et
792 2300 910 2336 Anth.
939 2300 1156 2337 Bouniman
1181 2313 1284 2337 sacre
1309 2301 1495 2348 theologie
1529 2302 1681 2338 baccha-

227 2356 352 2391 laureo
385 2355 500 2392 Galfr.
532 2356 711 2393 Rowland
744 2358 783 2394 in
817 2357 966 2394 artibus
999 2359 1179 2406 magistro
1246 2362 1290 2395 18
1322 2359 1496 2396 Januarii
1529 2361 1683 2397 domino

222 2414 244 2450 J
248 2414 396 2450 ohanne
413 2414 496 2460 (sic)
514 2414 595 2451 Bell
611 2416 902 2462 procancellario
915 2416 938 2452 J
941 2428 973 2453 o.
991 2416 1193 2465 Robynson
1206 2429 1310 2454 sacre
1323 2418 1510 2465 theologie
1525 2419 1682 2455 baccha-

226 2473 352 2509 laureo
403 2475 447 2508 13
465 2472 593 2510 Martii
612 2473 775 2510 Roberto
794 2474 946 2511 Hutton
967 2475 1005 2511 iu
1027 2475 1174 2512 artibus
1191 2477 1370 2523 magistro
1422 2480 1465 2513 12
1480 2478 1610 2514 Martii
1623 2479 1681 2514 Jo.

229 2530 306 2566 Fox
331 2529 370 2565 in
395 2529 541 2566 artibus
566 2531 744 2578 magistro
812 2534 856 2568 13
880 2532 1024 2579 Aprilis
1050 2533 1170 2570 Bruto
1204 2533 1430 2581 Babyngton
1464 2535 1504 2570 in
1537 2534 1684 2571 artibus

226 2588 406 2636 magistro
471 2592 494 2625 4
519 2589 611 2625 Maii
637 2590 817 2636 magistro
843 2590 960 2628 Anth.
989 2591 1148 2629 Watson
1177 2605 1282 2630 sacre
1310 2593 1498 2640 theologie
1528 2594 1684 2630 baccha—

227 2648 353 2684 laureo
414 2650 452 2683 4⁰
470 2647 562 2684 Maii
579 2647 680 2684 Edw.
701 2648 893 2697 Munday
883 2661 922 2685 m
936 2650 1084 2687 artibus
1097 2653 1278 2699 magistro
1338 2655 1384 2689 28
1397 2653 1420 2689 J
1424 2665 1504 2689 unu
1520 2654 1686 2690 Mai-tino

231 2706 340 2754 Key
331 2718 371 2742 1n
387 2706 534 2742 artibus
549 2706 730 2753 magistro
794 2708 927 2744 vltimo
943 2708 967 2744 J
970 2721 1050 2745 unu
1067 2710 1090 2746 J
1093 2721 1125 2747 ο
1144 2711 1342 2747 Johnson
1333 2723 1372 2747 1n
1389 2711 1536 2748 artibus
1552 2713 1685 2778 magis-

229 2768 288 2801 tro
304 2768 343 2800 et
360 2768 380 2800 5
399 2764 422 2800 J
426 2764 492 2800 uln
509 2764 567 2800 JO.
587 2765 776 2802 Beamond
795 2778 898 2803 sacre
914 2768 1100 2815 theologie
1118 2769 1415 2806 bacchalaureo

135 2823 361 2860 Conceditur
380 2826 423 2859 15
441 2823 614 2860 Octobris
632 2827 672 2859 vt
690 2824 818 2861 Barth.
839 2824 1010 2862 Laxton
1001 2827 1093 2862 luris
1109 2827 1230 2863 civilis
1249 2827 1539 2865 bacchalaureus
1561 2829 1689 2866 literas

229 2881 367 2918 habeat
384 2882 657 2919 testimoniales
675 2882 813 2930 gradus
831 2888 871 2920 et
890 2886 1188 2922 conversacionis
1209 2898 1276 2923 sue
1299 2887 1421 2934 sigillo
1445 2892 1570 2924 vestro
1589 2900 1687 2925 com-

244 2964 278 2992 ι..
301 2964 354 2992 1v.
1529 2960 1579 2998 24
