2046 3224
165 176 379 233 1547-48]
741 187 892 219 GRAcn
924 187 1047 218 BOOK
1080 186 1109 217 Δ
1650 178 1699 219 51

693 403 892 459 Magistri
924 402 967 444 in
1002 402 1171 445 artibus
1723 409 1749 448 f.
1775 409 1820 447 21
1845 423 1869 447 a

159 527 204 563 In
229 526 361 574 primis
384 527 602 563 conceditur
625 526 778 563 domino
804 527 1009 574 Nevynson
1036 530 1076 562 vt
1101 539 1236 563 novem
1261 527 1414 563 termini
1440 530 1526 574 post
1556 527 1705 563 finalem

252 585 332 621 eius
353 584 702 622 determinationem
728 586 767 621 in
785 585 923 632 quibus
939 585 1118 621 lectiones
1134 585 1342 622 ordinarias
1359 585 1508 622 audiuit
1524 586 1613 621 licet
1630 598 1704 621 non

252 642 405 678 omnino
421 643 625 678 secundum
643 644 802 679 formam
815 643 951 679 statuti
966 655 1052 679 cum
1066 642 1188 679 tribus
1201 643 1505 690 responsionibus
1517 643 1707 679 sufficiant

140 716 164 744 ς
252 700 286 736 ei
302 699 350 736 ad
368 700 622 748 incipiendum
640 702 679 737 in
697 701 843 737 artibus

158 756 300 793 Eadem
316 757 436 804 gratia
453 757 499 793 de
515 757 630 794 verbo
647 758 686 793 in
703 757 860 794 verbum
877 757 1096 794 conceditur
1111 757 1264 794 domino
1282 759 1394 794 Frere

158 816 258 852 Item
284 815 500 852 conceditur
527 816 680 852 domino
709 816 821 852 Cotes
853 817 994 853 artium
1029 817 1295 853 bacchalaureo
1322 816 1478 853 Oxoniis
1504 820 1547 854 vt
1574 828 1706 852 novem

252 874 404 910 termini
437 877 524 921 post
556 874 705 911 finalem
744 875 825 911 eius
858 874 1243 924 [determinationem]
1279 876 1318 912 in
1351 875 1492 923 quibus
1528 875 1707 912 lectiones

252 933 460 969 ordinarias
481 933 629 970 audiuit
651 933 792 970 ibidem
815 946 901 971 cum
919 934 1042 971 tribus
1064 934 1368 983 responsionibus
1391 935 1580 971 sufficiant
1601 935 1635 970 ei
1658 933 1706 970 ad

252 991 508 1039 incipiendum
525 992 565 1028 in
582 992 729 1029 artibus

158 1050 257 1088 Item
283 1050 500 1087 conceditur
527 1051 679 1088 domino
703 1051 898 1099 Goldynge
923 1055 965 1088 vt
989 1063 1123 1088 novem
1147 1052 1300 1088 termini
1331 1055 1417 1099 post
1446 1052 1595 1088 finalem
1625 1052 1706 1088 eius

250 1109 602 1146 determinationem
635 1110 674 1146 in
707 1109 845 1158 quibus
878 1110 1055 1146 lectiones
1088 1110 1297 1147 ordinarias
1328 1110 1479 1147 audiuit
1511 1111 1598 1147 lioet
1631 1122 1704 1146 non

251 1169 404 1205 omnino
428 1168 634 1205 secundum
660 1169 818 1205 formam
843 1170 980 1205 statuti
1010 1181 1097 1206 cum
1126 1169 1250 1206 tribus
1275 1170 1581 1218 responsionibus
1605 1170 1705 1206 suffi-

251 1228 354 1265 ciant
367 1228 402 1264 ei
417 1228 466 1264 ad
483 1228 739 1276 incipiendum
757 1229 796 1265 in
813 1228 960 1267 artibus

157 1285 299 1323 Eadem
314 1286 436 1333 gratia
451 1286 498 1323 de
514 1286 627 1323 verbo
643 1287 683 1323 in
700 1286 858 1324 verbum
875 1287 1091 1323 conceditur
1106 1287 1260 1324 domino
1277 1288 1390 1324 Carre

157 1345 255 1382 Item
272 1344 488 1381 conceditur
504 1344 657 1381 domino
671 1345 762 1381 Leet
779 1348 821 1381 vt
837 1357 971 1381 novem
989 1346 1142 1382 termini
1159 1346 1335 1393 completi
1354 1350 1439 1393 post
1458 1346 1607 1383 finalem
1625 1346 1707 1382 eius

251 1403 602 1440 determinationem
621 1404 660 1440 in
684 1404 823 1452 quibus
844 1404 1023 1440 lectiones
1045 1404 1253 1441 ordinarias
1272 1405 1421 1441 audiuit
1440 1417 1506 1452 per
1528 1405 1706 1441 maiorem

251 1466 398 1512 partem
421 1463 460 1499 in
480 1467 563 1500 toto
585 1475 671 1500 cum
694 1463 1000 1512 responsionibus
1021 1465 1214 1512 requisitis
1237 1465 1426 1501 sufficiant
1448 1465 1482 1501 ei
1505 1464 1552 1501 ad
1577 1465 1707 1512 incipi-

252 1522 391 1560 endum
409 1523 447 1558 in
465 1522 611 1559 artibus

159 1582 301 1619 Eadem
318 1583 440 1630 gratia
455 1582 502 1619 de
519 1582 632 1619 verbo
649 1583 687 1619 in
709 1583 865 1620 verbum
889 1583 1107 1620 conceditur
1128 1583 1292 1619 dominis
1314 1583 1451 1631 Taylor
1473 1583 1644 1619 Thexton
1670 1586 1708 1619 et

254 1640 425 1678 Irelande

159 1701 244 1738 Vna
271 1712 358 1738 cum
387 1700 642 1748 inceptoribus
670 1701 782 1741 istius
808 1702 897 1738 anni
927 1702 1148 1750 inceperunt
1176 1702 1289 1738 simul
1317 1702 1365 1739 de
1396 1702 1549 1749 collegio
1580 1702 1707 1749 Regali

251 1759 393 1796 domini
412 1759 530 1796 Coren
548 1759 671 1807 Lodge
690 1760 787 1806 Page
805 1760 985 1796 Emerson
1003 1765 1042 1797 et
1061 1760 1182 1797 Baker

160 1819 258 1856 Item
283 1818 501 1855 conceditur
522 1818 674 1855 domino
698 1819 775 1854 Dee
797 1823 839 1855 vt
861 1831 925 1855 sex
945 1819 1097 1855 termini
1115 1823 1200 1866 post
1218 1820 1367 1856 finalem
1384 1820 1465 1856 eius
1481 1820 1705 1856 determina-

251 1877 393 1916 tionem
410 1877 450 1914 in
466 1876 605 1925 quibus
621 1877 802 1914 lectiones
817 1877 1026 1914 ordinarias
1043 1878 1193 1914 audiuit
1211 1890 1276 1926 per
1295 1879 1474 1915 maiorem
1497 1883 1643 1926 partem
1667 1878 1706 1914 in

252 1939 334 1973 toto
350 1949 436 1973 cum
449 1935 573 1972 tribus
586 1936 891 1984 responsionibus
908 1938 1098 1973 sufficiant
1114 1937 1147 1972 ei
1164 1937 1213 1974 ad
1230 1937 1486 1984 incipiendum
1504 1938 1542 1973 in
1560 1937 1707 1974 artibus

253 1996 315 2032 Sic
338 1998 382 2032 vt
403 1995 484 2032 eius
506 1995 684 2032 admissio
694 1999 783 2031 vvstet
805 2007 873 2042 pro
894 1996 1091 2043 completis
1112 1995 1229 2042 gradu
1251 1999 1291 2032 et
1308 1996 1427 2035 forma
1444 1996 1524 2032 sine
1542 1996 1707 2033 vlteriori

251 2054 472 2091 visitacione
489 2057 529 2091 et
545 2066 620 2091 non
637 2055 690 2091 sit
706 2055 746 2091 in
764 2054 1011 2102 preiuditium
1028 2055 1199 2102 magistri
1219 2056 1252 2091 N
1256 2067 1423 2103 evynson

509 2262 732 2305 Numerus
763 2262 1031 2319 Regentium
1064 2262 1192 2305 istius
1221 2262 1326 2305 anni

513 2386 526 2410 ¹
538 2385 574 2422 N
575 2397 742 2433 evynson
1091 2386 1213 2422 Baker

537 2445 615 2482 Dee
1093 2445 1210 2493 Fryar

536 2504 658 2541 Coren
1090 2505 1228 2553 Taylor

538 2563 661 2611 Lodge
1092 2564 1264 2600 Thexton

538 2624 634 2670 Page
1094 2623 1206 2660 Cotes

536 2681 648 2720 Leete
1095 2681 1245 2718 Ireland

536 2740 717 2776 Emerson
1093 2740 1206 2776 Carre

537 2798 730 2846 Goldynge
1092 2799 1272 2836 Bradford

242 2896 255 2920 ¹
279 2896 390 2931 These
405 2907 527 2930 names
542 2907 600 2931 are
615 2897 751 2931 written
769 2897 935 2940 sideways
950 2898 1055 2940 along
1070 2898 1132 2932 the
1147 2898 1281 2932 bottom
1297 2897 1380 2940 edge
1396 2898 1434 2931 of
1447 2897 1507 2930 the
1522 2907 1619 2939 page.

1493 2973 1597 3009 4—2
