2008 3294
327 204 411 245 412
908 215 1060 248 oRAcn
1090 215 1214 248 ΒοοΚ
1245 216 1275 247 Δ
1655 203 1873 260 [1586-87

781 429 1078 474 Practicantes
1109 430 1155 473 in
1188 429 1407 474 medicina

323 555 550 592 Conceditur
576 559 620 592 12
643 556 668 592 J
671 556 751 592 unii
776 557 957 603 magistro
980 557 1038 594 J0.
1067 557 1198 605 Harvy
1222 560 1264 594 vt
1288 558 1458 595 studium
1483 558 1601 595 trium
1625 569 1810 595 annorum
1835 558 1874 594 in

418 614 603 650 medicina
630 618 833 662 postquam
861 616 998 652 rexerit
1027 616 1067 652 in
1097 616 1244 653 artibus
1273 617 1435 653 sufficiat
1459 617 1493 654 ei
1517 617 1565 653 ad
1589 617 1871 665 practicandum

419 678 543 710 vestra
564 675 790 711 auctoritate
807 675 845 711 in
863 675 994 712 eadem
1017 676 1202 712 medicina
1221 676 1275 712 sic
1297 680 1340 713 vt
1361 676 1443 713 eius
1465 676 1627 713 eruditio
1649 679 1688 713 et
1710 677 1874 723 cognicio

417 733 521 780 prius
537 734 798 770 examinentur
814 738 853 770 et
870 734 1127 781 approbentur
1142 747 1209 782 per
1224 735 1395 771 doctores
1413 735 1549 771 Warde
1565 738 1605 771 et
1621 735 1738 771 Barro
1753 737 1793 771 et
1810 747 1875 782 per

417 804 534 828 vnum
550 804 679 829 eorum
699 796 937 840 presentetur
959 805 1084 830 coram
1107 794 1260 830 domino
1283 794 1570 841 procancellario
1593 794 1632 830 in
1655 794 1766 841 plena
1789 806 1873 829 con-

416 851 631 898 gregacione
654 850 879 898 Regentium
896 855 935 888 et
951 864 1064 899 super
1085 853 1156 888 hac
1179 855 1304 889 vestra
1326 853 1563 890 concessione
1585 853 1714 889 literas
1738 852 1874 889 habeat

415 909 600 956 sigillatas
615 909 736 956 sigillo
754 914 878 946 vestro
895 911 1086 947 communi

325 968 464 1004 Eadem
481 969 603 1015 gratia
618 968 834 1004 conceditur
850 969 983 1005 vltimo
999 969 1023 1005 J
1027 970 1105 1005 unii
1124 970 1303 1017 magistro
1320 969 1504 1007 Clementi
1519 969 1635 1006 Forth
1649 981 1735 1007 cum
1748 971 1875 1006 studio

418 1040 441 1063 x
457 1039 642 1063 annornm
659 1031 860 1075 postquam
876 1031 937 1064 etc

323 1086 550 1123 Conceditur
571 1086 632 1134 ijd⁰
653 1087 759 1123 Junii
779 1087 803 1123 J
806 1099 838 1125 0.
864 1087 1048 1135 Drywood
1071 1090 1113 1124 vt
1134 1087 1304 1124 studium
1326 1092 1366 1124 et
1388 1088 1554 1135 practica
1577 1100 1600 1124 x
1625 1100 1809 1125 annorum
1834 1089 1873 1125 in

418 1146 605 1182 medicina
629 1146 793 1182 sufficiat
820 1147 854 1182 ei
881 1147 929 1182 ad
956 1146 1240 1194 practicandum
1267 1149 1393 1183 vestra
1421 1147 1648 1183 auctoritate
1676 1148 1715 1184 in
1744 1148 1873 1184 eadem

418 1206 604 1242 medicina
621 1207 675 1242 sic
690 1210 733 1243 vt
749 1207 830 1243 eius
845 1207 1008 1243 eruditio
1023 1210 1063 1243 et
1079 1208 1242 1254 cognitio
1265 1207 1370 1255 prius
1393 1209 1657 1245 examinentur
1678 1212 1718 1245 et
1739 1221 1874 1256 appro-

418 1265 557 1302 bentur
572 1277 638 1313 per
654 1265 825 1302 doctores
843 1266 978 1303 warde
997 1271 1037 1302 et
1057 1267 1174 1303 Bam-0
1196 1270 1236 1303 et
1258 1279 1325 1314 per
1347 1279 1464 1303 vnum
1487 1279 1616 1304 eorum
1640 1271 1876 1315 presentetur

417 1336 542 1360 coram
571 1324 724 1360 domino
753 1325 1040 1372 procancellario
1070 1326 1108 1361 in
1139 1325 1250 1373 plena
1277 1327 1562 1373 congregatione
1588 1327 1811 1374 Regentium
1835 1330 1876 1363 et

416 1396 529 1431 super
554 1384 622 1420 hac
647 1387 773 1420 vestra
798 1385 1036 1421 concessione
1061 1386 1190 1421 literas
1220 1385 1358 1422 habeat
1386 1386 1570 1433 sigillatas
1599 1386 1721 1433 sigillo
1749 1390 1874 1423 vestro

417 1443 607 1479 communi
669 1447 708 1478 5⁰
723 1443 746 1479 J
750 1443 816 1480 ulii
833 1444 963 1480 eadem
979 1445 1102 1492 gratia
1118 1445 1337 1482 conceditur
1353 1445 1533 1493 magistro
1549 1445 1573 1482 J
1576 1457 1607 1482 0.
1628 1445 1771 1482 Dobbis
1786 1457 1872 1482 cum

416 1502 543 1538 studio
555 1505 577 1537 5
589 1514 774 1539 annorum
791 1506 830 1539 et
846 1503 1120 1551 approbacione
1132 1504 1166 1540 d.
1184 1504 1314 1540 Barow
1330 1507 1370 1540 et
1387 1504 1478 1541 Tho.
1495 1504 1719 1541 Mundeford
1770 1507 1875 1551 (nota

415 1561 516 1608 quod
533 1561 693 1608 quilibet
710 1563 922 1609 practicans
938 1566 1006 1599 aut
1022 1563 1113 1610 legit
1129 1567 1197 1599 aut
1213 1563 1327 1599 solvit
1344 1575 1392 1600 xx
1406 1576 1424 1599 s
1441 1564 1604 1613 maoyin)

694 1769 1004 1813 Bacchalaurei
1037 1771 1081 1813 in
1107 1770 1210 1827 jure
1241 1769 1359 1812 civili
1390 1769 1499 1812 nulli

840 1983 1003 2028 Doctor
1033 1984 1076 2026 in
1103 1984 1205 2041 jure
1235 1983 1354 2026 civili

322 2112 548 2149 Conceditur
565 2116 612 2149 20
626 2112 798 2149 Janunrii
817 2113 997 2160 magistro
1016 2112 1175 2149 Ricardo
1198 2112 1315 2148 swale
1339 2115 1380 2147 vt
1402 2109 1571 2147 studium
1597 2109 1661 2157 viij
1686 2120 1871 2147 annorum

417 2173 454 2208 in
484 2172 562 2209 iure
587 2173 687 2209 civili
716 2177 915 2221 postquam
946 2172 1083 2209 rexerit
1112 2172 1150 2208 in
1179 2171 1326 2208 artibus
1355 2183 1429 2207 vna
1457 2182 1542 2208 cnm
1572 2169 1873 2219 opposicionibus

417 2231 722 2279 responsionibus
743 2232 950 2279 ceterisque
971 2231 1159 2267 exercitiis
1180 2242 1245 2278 per
1265 2233 1412 2266 statuta
1435 2229 1535 2276 regia
1558 2229 1750 2276 requisitis
1771 2228 1871 2265 suffi-

416 2291 491 2326 ciat
508 2291 540 2326 ei
559 2291 605 2327 ad
625 2290 879 2338 incipiendum
899 2291 935 2327 in
954 2290 1083 2327 eodem
1097 2290 1183 2338 jum

781 2494 1086 2538 Bacchalanrei
1119 2494 1164 2537 in
1198 2493 1415 2551 theologia

322 2620 550 2659 Conceditur
568 2620 699 2657 vltimo
717 2618 889 2656 Octobris
915 2622 1006 2656 1586
1029 2619 1207 2667 magistro
1228 2618 1459 2656 Christoforo
1483 2619 1615 2668 Abbys
1637 2622 1680 2656 vt
1700 2619 1870 2657 studium

418 2685 560 2728 nomem
587 2690 773 2716 annorum
796 2679 833 2716 in
859 2678 1045 2726 theologia
1062 2682 1262 2727 postquam
1282 2679 1418 2716 rexerit
1435 2679 1473 2716 in
1491 2678 1639 2716 artibus
1655 2691 1741 2717 cum
1758 2691 1871 2728 oppo-

415 2739 619 2777 nicionibnn
644 2737 948 2787 mponnionibus
970 2737 1206 2775 sermonibus
1230 2737 1390 2786 aliisque
1415 2738 1603 2776 exercitiis
1632 2750 1700 2787 per
1725 2741 1872 2776 statuta

418 2800 516 2846 regin
534 2799 726 2846 roqninitin
742 2798 904 2834 sufficiat
925 2797 957 2834 ei
982 2801 1062 2834 tam
1085 2796 1132 2834 ad
1156 2797 1420 2846 opponendum
1443 2810 1559 2846 quam
1581 2797 1629 2836 md
1651 2798 1869 2836 intrandum

419 2859 455 2894 in
470 2869 575 2894 neem
589 2856 774 2904 theologia
819 2856 956 2893 Emlexn
970 2856 1092 2903 gratia
1103 2855 1320 2893 conceditur
1330 2855 1458 2893 eodeni
1472 2857 1651 2904 magistro
1662 2856 1725 2894 W⁰
1737 2857 1872 2895 nawen

422 2918 514 2955 nnn.
539 2916 676 2953 Nelnon
699 2918 805 2953 (inor.
829 2915 979 2964 [mog]
1002 2915 1150 2952 Morroll
1175 2916 1317 2952 Arturo
1338 2915 1507 2952 Johnson
1538 2916 1696 2954 Rioardo
1721 2916 1870 2954 Olniton
