2008 3216
209 138 428 194 1558-59]
790 120 942 180 emes
971 145 1095 177 BOOK
1125 144 1156 176 Δ
1669 129 1751 171 135

498 428 790 472 Praeticantes
822 428 867 470 in
901 426 1119 470 medicina
1150 432 1197 468 et
1228 425 1449 481 chirurgia

205 564 432 602 Conceditur
461 569 483 601 8
510 565 727 601 Decembris
752 566 938 601 Gwaltero
969 564 1129 610 Haughe
1158 567 1201 599 vt
1227 563 1397 599 studium
1426 566 1469 598 12
1495 573 1679 598 annorum
1713 561 1751 596 in

299 623 485 659 medicina
508 624 669 660 sufficiat
693 625 726 660 ei
749 623 796 659 ad
820 623 1104 670 practicandum
1128 623 1166 658 in
1192 622 1322 658 eadem
1345 622 1400 658 ita
1422 625 1465 658 vt
1486 621 1567 657 eius
1591 620 1753 656 eruditio

297 681 526 728 approbetur
542 693 608 728 per
629 681 799 718 doctores
815 681 968 717 Walker
990 684 1029 716 et
1047 680 1201 716 Bounde
1223 683 1263 716 et
1279 680 1417 715 habeat
1439 691 1552 726 super
1573 679 1644 714 hac
1666 690 1751 714 con·

298 740 464 776 cessione
480 742 605 775 vestra
621 740 749 776 literas
766 739 949 786 sigillatas
965 739 1086 785 sigillo
1104 741 1228 774 vestro
1245 738 1435 774 communi

203 798 429 834 Conceditur
449 801 492 834 16
511 798 638 834 Martii
657 799 749 834 Tho.
769 798 924 845 Gybson
948 800 990 832 vt
1007 797 1176 833 studium
1194 799 1233 832 et
1255 797 1420 843 practica
1439 799 1483 832 16
1504 807 1687 831 annorum
1712 795 1749 830 in
1769 794 1796 832 f.
1820 795 1871 833 54
1892 809 1916 832 a

298 858 484 895 medicina
515 859 726 905 Antuerpie
758 858 910 894 colonie
942 862 982 894 et
1011 858 1049 893 in
1078 857 1162 892 aliis
1187 856 1359 904 partibus
1385 855 1647 892 transmarinis
1674 856 1750 891 suf-

299 917 427 953 ficiant
452 917 486 953 ei
516 917 564 953 ad
594 916 878 964 practicandum
906 916 946 952 in
971 915 1102 952 eadem
1126 914 1308 951 facultate
1336 914 1390 950 sic
1418 917 1461 950 vt
1488 913 1569 949 eius
1594 913 1752 950 scientia

297 975 526 1024 approbetur
558 988 624 1023 per
655 976 847 1012 doctorem
880 974 1035 1011 Bounde
1067 977 1271 1021 antequam
1297 973 1524 1010 admittatur
1549 976 1588 1009 et
1613 972 1752 1009 habeat

298 1038 420 1072 vestre
443 1035 692 1071 concessionis
715 1034 846 1071 literas
870 1034 991 1081 sigillo
1016 1033 1275 1070 vniuersitatis
1299 1032 1537 1079 consignatas
1562 1035 1602 1068 et
1629 1031 1752 1068 solvat

296 1094 418 1131 eidem
434 1095 673 1131 vniuersitati
691 1107 739 1130 xx
749 1107 768 1130 s

204 1153 430 1190 Conceditur
454 1156 477 1190 9
503 1154 594 1189 Maii
619 1153 772 1189 domino
798 1152 961 1188 Rakster
985 1154 1028 1187 vt
1054 1151 1223 1187 studium
1252 1153 1296 1186 15
1321 1162 1506 1186 annorum
1534 1150 1689 1186 Lovanii
1712 1153 1751 1186 et

297 1211 386 1248 alibi
404 1213 444 1248 in
460 1212 647 1248 medicina
668 1215 754 1259 post
776 1211 933 1258 gradum
949 1210 1282 1247 bacchalaureatus
1303 1210 1342 1245 iu
1364 1209 1510 1245 artibus
1532 1212 1750 1256 susceptum

297 1272 337 1308 in
358 1271 429 1308 hac
450 1272 697 1309 vniuersitate
721 1271 884 1308 sufficiat
907 1271 941 1307 ei
966 1270 1014 1306 ad
1039 1269 1322 1317 practicandum
1350 1269 1390 1304 in
1416 1269 1545 1305 eadem
1571 1269 1751 1305 facultate

298 1331 352 1367 sic
385 1334 427 1368 vt
459 1331 540 1367 eius
572 1330 822 1366 eruditionem
855 1330 960 1377 prius
992 1328 1296 1376 approbaverunt
1326 1328 1497 1364 doctores
1529 1327 1681 1363 Walker
1712 1332 1751 1362 et

299 1389 453 1426 Bounde
484 1392 524 1426 et
555 1390 669 1425 huius
702 1392 825 1425 vestre
857 1388 1106 1424 concessionis
1139 1387 1267 1423 literas
1302 1386 1440 1423 habeat
1472 1387 1593 1433 sigillo
1627 1389 1751 1422 vestro

297 1449 487 1484 communi
504 1448 687 1495 sigillatas

203 1506 429 1544 Concessum
447 1511 505 1544 est
521 1508 703 1556 superiori
720 1520 820 1544 anno
839 1507 1012 1554 Philippo
1031 1507 1201 1542 Barrowc
1219 1509 1260 1542 vt
1277 1506 1447 1542 studium
1466 1508 1485 1542 7
1508 1517 1693 1542 annorum
1712 1507 1750 1541 in

297 1567 484 1614 chirurgia
508 1567 671 1603 sufficiat
695 1567 730 1603 ei
755 1566 803 1603 ad
828 1566 1114 1614 practicandum
1139 1566 1179 1601 in
1204 1565 1334 1601 eadem
1359 1565 1539 1601 facultate
1567 1565 1622 1600 ita
1649 1565 1750 1612 quod

296 1626 377 1662 eius
393 1626 554 1662 eruditio
577 1626 682 1673 prius
704 1626 941 1662 examinetur
956 1628 995 1662 et
1018 1624 1249 1673 approbetur
1270 1627 1359 1660 ante
1381 1624 1462 1660 eius
1484 1624 1751 1660 admissionem

297 1696 364 1731 per
380 1684 475 1720 duos
491 1684 661 1721 doctores
684 1684 868 1727 medicine
884 1687 923 1720 et
949 1687 992 1720 16
1010 1684 1139 1720 Martii
1162 1684 1380 1720 conceditur
1400 1683 1521 1719 eidem
1539 1687 1581 1719 vt
1597 1684 1752 1720 haberet

298 1745 427 1780 literas
444 1745 694 1780 concessionis
710 1744 926 1780 huiusmodi
944 1745 1112 1791 signatas
1127 1744 1249 1791 sigillo
1264 1744 1454 1779 communi

203 1803 429 1840 Conceditur
464 1806 507 1840 16
543 1804 651 1840 Junii
685 1804 776 1840 Tho.
809 1804 948 1840 Surflet
981 1806 1023 1840 vt
1056 1803 1227 1839 studium
1263 1806 1303 1838 ct
1341 1803 1506 1849 practica
1545 1804 1751 1839 multorum

298 1874 481 1898 annorum
501 1862 539 1898 in
557 1863 744 1909 chirurgia
761 1862 923 1898 sufficiat
940 1862 973 1898 ei
990 1862 1039 1898 ad
1057 1861 1341 1908 practicaudum
1359 1861 1398 1896 in
1421 1861 1550 1897 cadem
1573 1862 1751 1897 facultate

298 1922 351 1957 sic
378 1924 419 1956 vt
451 1922 533 1969 eius
561 1921 723 1957 eruditio
756 1922 862 1968 prius
893 1921 1129 1957 examinetur
1160 1924 1200 1956 ct
1231 1919 1461 1967 approbetur
1488 1932 1555 1967 per
1582 1920 1752 1956 doctores

297 1981 465 2016 Hatcher
489 1984 528 2016 et
560 1980 634 2017 Car
664 1984 703 2017 et
735 1993 802 2028 per
835 1993 952 2017 vnum
981 1992 1111 2016 eorum
1141 1984 1379 2027 presentetur
1404 1980 1557 2015 domino
1586 1980 1750 2016 vicecan-

294 2039 442 2076 cellario
475 2040 514 2075 in
548 2041 659 2087 plena
691 2041 979 2087 congregacione
1004 2040 1215 2087 regentium
1242 2040 1281 2075 et
1308 2040 1437 2075 literas
1464 2039 1602 2075 habeat
1630 2041 1752 2087 sigillo

295 2102 421 2136 vestro
446 2100 636 2136 communi
661 2100 845 2147 sigillatas

661 2359 971 2404 Bacchalaurei
1002 2361 1049 2404 in
1079 2362 1300 2420 theologia

203 2497 429 2534 Conceditur
447 2500 492 2534 10
510 2498 639 2535 Martii
657 2499 742 2535 Yon
766 2499 958 2536 Badcocke
975 2503 1017 2536 vt
1040 2500 1210 2536 studium
1230 2503 1273 2536 12
1297 2511 1484 2536 annorum
1507 2500 1546 2536 in
1567 2500 1754 2548 theologia

297 2568 384 2593 cum
412 2556 559 2593 duobus
583 2558 820 2594 sermonibus
847 2570 922 2595 vno
947 2558 995 2595 ad
1019 2559 1160 2595 clerum
1185 2562 1225 2595 et
1250 2559 1368 2595 altero
1395 2558 1445 2595 ad
1470 2571 1619 2595 crucem
1646 2559 1753 2596 Pauli

298 2618 338 2652 et
354 2627 428 2652 vna
444 2617 684 2663 responsione
696 2617 868 2654 facienda
879 2621 969 2655 ante
985 2618 1179 2654 commitia
1191 2618 1262 2654 sub
1278 2630 1376 2666 pena
1391 2620 1555 2665 quatuor
1570 2618 1752 2655 librarum

299 2676 338 2711 in
356 2675 530 2712 manibus
546 2679 832 2723 procuratorum
848 2681 937 2714 ante
948 2677 1029 2714 eius
1042 2677 1308 2714 admissionem
1319 2677 1578 2725 ponendarum
1590 2679 1753 2715 sufficiat

298 2734 333 2770 ei
357 2736 438 2770 tam
460 2734 509 2770 ad
533 2734 799 2782 opponendum
823 2747 938 2783 quam
962 2735 1011 2772 ad
1034 2736 1254 2772 intrandum
1278 2736 1319 2772 in
1340 2735 1456 2773 libros
1477 2737 1753 2774 sententiarum

298 2793 352 2829 sic
378 2795 421 2828 vt
444 2795 532 2840 post
555 2793 636 2829 eius
667 2793 933 2830 admissionem
966 2794 1018 2830 sit
1049 2794 1096 2830 de
1121 2795 1262 2841 gremio
1290 2797 1330 2830 et
1355 2797 1487 2831 vtatur
1510 2795 1645 2832 habitu
1677 2808 1752 2833 non

297 2852 460 2898 regentis
483 2851 537 2888 sic
562 2855 604 2888 vt
628 2852 750 2889 solvat
774 2853 1011 2890 vniversitati
1035 2853 1104 2889 lxs
