2008 3294
143 200 363 258 1588—89]
723 208 875 243 omen
906 208 1031 243 BOOK
1061 211 1092 242 A
1238 175 1243 178 ’
1602 199 1685 241 437

604 416 722 460 Ordo
751 415 1020 459 senioritatis
1049 415 1222 472 mryin

423 531 612 569 Atherton
793 532 1054 579 Beauchampe
1218 530 1362 566 Barker

422 590 581 639 Smythe
793 591 971 628 Warfield
1219 590 1255 626 N
1258 602 1364 638 orrys

422 650 497 686 Dix
791 651 936 698 Spar-ke
1218 649 1396 696 Whright

422 708 628 756 Lawghton
794 710 887 746 Rive
1219 708 1362 756 Savage

421 767 605 805 Whitnell
794 769 922 805 Heme
1219 768 1291 804 Lee

423 825 578 862 Proctor
795 826 920 875 Graye
1219 826 1343 862 Mosse

422 884 507 921 Dod
1267 888 1311 921 19

644 1088 856 1131 Doctores
887 1088 933 1131 in
965 1088 1186 1145 theologia

141 1202 270 1239 Placet
293 1203 400 1240 vobis
425 1206 467 1240 vt
489 1202 713 1240 venerabilis
735 1203 793 1239 vir
817 1203 996 1250 magister
1020 1203 1186 1240 Thomas
1211 1204 1355 1251 Nevyle
1379 1203 1691 1251 procancellarius

233 1263 421 1310 prefectus
449 1262 593 1309 collegii
624 1261 845 1308 Magdalene
871 1274 917 1298 ex
942 1262 1059 1298 nobili
1090 1262 1233 1299 familia
1262 1267 1376 1299 natus
1405 1265 1492 1310 post
1519 1263 1690 1299 studium

236 1325 280 1358 15
313 1334 499 1358 annorum
535 1323 574 1358 in
610 1322 798 1369 theologia
832 1326 1037 1369 postquam
1071 1323 1209 1358 rexerit
1244 1323 1283 1358 in
1316 1321 1464 1359 artibus
1496 1334 1582 1358 cum
1617 1334 1691 1357 vna

234 1381 475 1428 responsione
503 1385 543 1418 et
570 1381 719 1418 duobus
744 1381 981 1418 sermonibus
1005 1382 1052 1418 ad
1078 1382 1261 1429 populum
1286 1382 1476 1418 sufficiant
1501 1383 1535 1417 ei
1559 1381 1608 1418 ad
1634 1382 1688 1417 in-

234 1439 448 1487 cipiendum
488 1441 528 1477 in
569 1453 676 1477 sacra
716 1441 905 1488 theologia
945 1445 984 1477 et
1020 1445 1063 1477 vt
1099 1442 1180 1478 eius
1220 1441 1400 1477 admissio
1438 1444 1516 1477 stet
1551 1442 1584 1476 ei
1623 1452 1690 1488 pro

234 1500 429 1547 completis
453 1500 571 1547 gradu
595 1507 635 1537 et
660 1500 781 1536 forma

140 1558 367 1595 Conceditur
391 1561 436 1595 26
460 1559 633 1596 Octobris
657 1559 837 1605 magistro
860 1559 1040 1596 Gervasio
1065 1559 1279 1606 Babington
1302 1563 1344 1596 vt
1366 1559 1535 1596 studium
1562 1562 1606 1594 14
1625 1570 1690 1594 an-

233 1629 368 1654 norum
396 1619 436 1654 in
460 1618 649 1665 theologia
676 1622 879 1666 postquam
904 1620 1042 1656 rexerit
1066 1619 1106 1655 in
1130 1619 1277 1656 artibus
1302 1632 1376 1656 vna
1400 1631 1487 1655 cum
1511 1619 1690 1666 oppositi-

234 1676 369 1714 onibus
393 1677 540 1721 duabus
564 1677 807 1715 concionibus
830 1678 879 1715 ad
904 1680 1087 1727 populum
1111 1680 1274 1716 sufficiat
1297 1680 1331 1716 ei
1356 1680 1405 1716 ad
1434 1679 1690 1726 incipiendum

234 1737 274 1773 in
298 1749 404 1774 sacra
427 1738 615 1785 theologia

139 1796 368 1833 Conceditur
388 1800 435 1833 24
456 1797 480 1833 J
483 1798 629 1834 anuarii
652 1798 832 1845 magistro
855 1798 956 1834 Edw.
979 1798 1128 1834 Graunt
1149 1802 1190 1834 vt
1211 1798 1381 1835 studium
1405 1802 1426 1834 5
1443 1810 1628 1835 annorum
1651 1799 1690 1834 in

233 1855 419 1904 theologia.
441 1861 527 1904 post
548 1857 706 1904 gradum
725 1857 1058 1894 bacchalaureatus
1074 1858 1113 1894 in
1131 1858 1261 1894 eadem
1278 1861 1495 1905 susceptum
1514 1870 1600 1893 cum
1619 1870 1692 1893 vno

233 1926 402 1951 sermone
425 1915 473 1952 ad
495 1916 636 1952 clerum
658 1920 698 1952 et
715 1928 788 1952 vno
811 1928 982 1952 sermone
1003 1916 1052 1952 ad
1077 1917 1257 1964 populum
1279 1917 1319 1952 in
1339 1917 1528 1952 academie
1550 1916 1692 1963 templo

233 1973 395 2010 sufficiat
418 1974 453 2010 ei
477 1973 526 2010 ad
551 1975 806 2022 incipiendum
832 1976 871 2011 in
897 1987 1001 2011 sacra
1026 1976 1213 2022 theologia

139 2031 366 2069 Conceditur
389 2033 520 2070 eodem
544 2035 725 2081 magistro
751 2034 842 2072 The.
870 2035 982 2082 Blage
1007 2039 1050 2071 vt
1073 2034 1245 2071 studium
1269 2038 1292 2070 5
1314 2046 1498 2071 annorum
1525 2036 1563 2071 in
1588 2036 1692 2072 theo·

233 2091 330 2138 logia
358 2095 445 2138 post
475 2092 631 2139 gradum
668 2092 999 2129 bacchalaureatus
1027 2094 1067 2129 in
1096 2093 1227 2130 eadem
1255 2097 1474 2140 susceptum
1503 2106 1589 2130 cum
1619 2106 1692 2130 vno

233 2161 404 2186 sermone
424 2150 472 2187 ad
495 2150 636 2187 clerum
658 2157 698 2187 et
715 2163 788 2187 vno
810 2163 981 2188 sermone
1002 2151 1051 2188 ad
1074 2152 1256 2200 populum
1278 2153 1318 2188 in
1340 2152 1529 2188 academie
1549 2153 1691 2200 templo

234 2208 396 2244 sufficiat
424 2209 458 2245 ei
486 2209 534 2245 ad
563 2209 819 2257 incipiendum
846 2210 886 2246 in
913 2222 1018 2246 sacra
1046 2211 1233 2258 theologia
1291 2211 1354 2247 Ita
1379 2215 1507 2247 tamen
1533 2217 1576 2247 vt
1601 2216 1691 2248 ante

234 2266 315 2302 eius
335 2266 602 2304 admissionem
626 2269 886 2315 incorporetur
906 2269 1018 2305 solito
1037 2274 1076 2305 et
1093 2270 1234 2306 vsitato
1254 2282 1357 2306 more
1373 2270 1486 2306 huius
1501 2270 1691 2306 academie

141 2324 368 2362 Conceditur
392 2330 435 2362 15
460 2327 590 2363 Martii
612 2329 792 2374 magistro
816 2328 977 2364 Ricardo
994 2329 1179 2376 Vaughan
1197 2333 1239 2365 vt
1255 2330 1424 2366 studium
1446 2333 1489 2366 12
1505 2342 1688 2366 annorum

234 2384 274 2420 iu
296 2384 483 2432 theologia
506 2388 708 2432 postquam
730 2387 868 2422 rexerit
890 2388 930 2423 in
951 2388 1098 2424 artibus
1118 2400 1204 2424 cum
1225 2388 1524 2435 oppositionibus
1540 2401 1690 2436 respon-

235 2443 404 2480 sionibus
431 2444 668 2481 sermonibus
695 2445 855 2493 aliisque
882 2446 1069 2482 exercitiis
1101 2458 1168 2493 per
1195 2447 1296 2494 regia
1324 2451 1471 2484 statuta
1498 2448 1691 2494 requisitis

234 2502 397 2538 sufficiat
420 2503 455 2539 ei
479 2503 527 2539 ad
551 2504 808 2551 incipiendum
833 2505 873 2540 in
898 2505 1028 2541 eadem
1053 2505 1233 2541 facultate

141 2559 368 2597 Conceditur
383 2560 526 2610 [blank]
543 2563 722 2609 magistro
740 2563 928 2600 Willelmo
945 2564 1060 2600 Stone
1077 2567 1119 2600 vt
1135 2565 1304 2600 studium
1322 2565 1490 2612 quinque
1506 2577 1690 2602 annorum

235 2620 275 2655 in
300 2619 486 2667 theologia
507 2624 593 2667 post
611 2622 771 2668 gradum
794 2622 1128 2659 bacchalaureatus
1150 2624 1190 2659 in
1212 2624 1342 2660 eadem
1365 2627 1582 2671 susceptum
1604 2636 1691 2660 cum

235 2678 534 2724 oppositionibus
556 2680 863 2727 responsionibus
886 2681 1123 2718 sermonibus
1145 2682 1304 2729 aliisque
1327 2683 1514 2718 exercitiis
1533 2695 1600 2730 per
1615 2686 1690 2719 sta-

235 2739 321 2771 tuta
337 2737 437 2783 regia
452 2738 646 2784 requisitis
662 2739 824 2775 sufficiat
841 2740 874 2775 ei
891 2739 940 2775 ad
957 2740 1214 2786 incipiendum
1231 2741 1270 2776 in
1288 2753 1393 2777 sacra
1410 2741 1596 2788 theologia
1667 2788 1671 2792 ι

141 2793 368 2830 Conceditur
391 2794 532 2843 [blank]
557 2797 737 2844 magistro
758 2798 928 2834 Arthuro
954 2799 1087 2845 Bright
1110 2803 1152 2835 vt
1176 2800 1348 2835 studium
1375 2803 1418 2835 12
1441 2812 1626 2836 annorum
1651 2801 1691 2836 in

235 2853 420 2900 theologia
448 2858 652 2902 postquam
680 2858 818 2893 rexerit
851 2858 891 2893 in
921 2858 1068 2894 artibus
1097 2870 1184 2894 cum
1212 2859 1513 2905 oppositionibus
1540 2871 1691 2907 respon·

234 2911 404 2948 sionibus
432 2913 668 2950 sermonibus
695 2915 854 2962 aliisque
881 2917 1070 2952 exercitiis
1102 2929 1168 2963 per
1196 2918 1296 2962 regia
1324 2920 1472 2953 statuta
1500 2919 1692 2964 requisitis

234 2970 398 3006 sufficiat
421 2971 455 3006 ei
480 2971 527 3007 ad
552 2972 808 3019 incipiendum
834 2974 872 3010 in
897 2975 1027 3010 eadem
1053 2976 1232 3011 facultate
