2008 3216
323 141 406 182 142
902 149 1054 181 emon
1084 149 1208 180 BOOK
1239 148 1269 180 Δ
1509 152 1521 164 ·
1648 137 1872 193 [1559-60

153 251 181 290 f.
204 251 255 292 57
275 251 302 289 b
319 250 406 287 Vna
417 261 505 286 cum
520 250 596 286 hiis
611 250 834 297 inceperunt
849 262 895 286 ex
911 250 1064 297 collegio
1081 249 1197 296 Regio
1209 248 1349 296 quibus
1366 248 1470 285 nulla
1486 248 1608 296 gratia
1619 247 1741 295 petita
1752 258 1873 294 neque

413 309 644 357 dispensatio
661 320 836 346 concessa
851 308 995 345 domini
1014 309 1118 356 Ryve
1136 308 1348 356 Reynoldes
1365 309 1531 344 Tomson
1548 310 1587 344 et
1603 307 1739 356 Tayler

750 599 868 659 Ordo
899 599 1168 642 senioritatis
1199 599 1436 642 eorundem

509 723 565 758 Mr
582 722 762 770 Bulleyne
952 713 956 715 ”
980 723 1036 759 Μ’
1053 722 1221 770 Brydges
1456 724 1512 760 ΜΙΓ
1529 723 1648 771 Gwyn

512 782 567 818 M¹r
586 782 733 819 Wattes
982 783 1037 818 Mr
1055 783 1256 820 Rowlande
1274 783 1364 830 <J0.)
1458 784 1513 819 Μ’
1529 784 1693 820 Tomson

510 842 566 878 Μ’
584 842 716 878 Dowse
981 843 1037 878 Mr
1053 842 1302 889 Cartewright
1456 843 1512 879 M:
1529 843 1674 891 Lynley

510 903 567 938 Μ’
583 902 712 938 Todde
983 902 1038 938 Mr
1055 902 1241 938 Renoldes
1457 902 1513 938 M*
1529 902 1650 949 Legge

511 961 568 997 Mr
585 962 770 998 Dethicke
984 962 1041 998 ΜΓ
1057 962 1240 998 Marshall
1460 963 1516 998 Mr
1533 962 1675 1009 Oragge

510 1021 566 1056 M*
582 1021 742 1068 Smythe
759 1021 796 1067 (J
800 1022 850 1066 ο.)
983 1022 1038 1056 Μ’
1056 1021 1216 1058 Ranewe
1459 1022 1515 1057 Μ’
1531 1022 1668 1068 Taylor

511 1080 567 1115 Mr
583 1080 686 1116 Lane
982 1081 1038 1116 Mr
1055 1080 1225 1116 Cowlton
1460 1081 1516 1116 Mlr
1533 1081 1674 1116 Hickes

511 1139 567 1175 Mr
585 1139 741 1186 Hughes
981 1139 1037 1175 Mr
1053 1139 1259 1176 Shereman
1457 1140 1512 1175 M*
1530 1140 1635 1176 Price

512 1199 568 1235 Μ’
586 1199 686 1235 Reve
702 1199 840 1247 [Ryve]

585 1293 696 1328 Mem.
714 1292 814 1339 quod
832 1292 1008 1328 dominus
1026 1292 1151 1339 Longe
1167 1304 1243 1328 non
1260 1293 1434 1329 interfuit
1450 1293 1614 1329 comitiis

869 1363 991 1399 neque
1008 1352 1257 1399 inauguratus
1273 1355 1332 1388 est

628 1633 920 1675 Praeticantes
951 1633 996 1675 in
1029 1632 1244 1675 medicina
1275 1638 1319 1674 et
1350 1631 1570 1689 chirurgia

323 1764 550 1801 Conceditur
582 1768 627 1801 24
662 1766 886 1802 Novembris
925 1766 1112 1802 Willelmo
1154 1766 1318 1802 Holland
1359 1769 1401 1802 vt
1433 1765 1604 1801 studium
1638 1769 1677 1801 et
1709 1764 1875 1812 practica

418 1824 622 1861 multorum
655 1837 840 1861 annorum
875 1825 912 1860 in
946 1825 1135 1871 chirurgia
1168 1825 1330 1861 sufficiat
1362 1825 1394 1860 ei
1429 1824 1476 1860 ad
1513 1824 1797 1871 practicandum
1835 1824 1873 1859 in

416 1883 547 1919 eadem
582 1883 761 1922 facultate
793 1884 847 1919 sic
880 1887 922 1919 vt
954 1883 1036 1919 eius
1069 1883 1231 1919 eruditio
1264 1883 1370 1930 prius
1404 1883 1640 1918 examinetur
1672 1885 1712 1918 et
1743 1893 1874 1930 appro-

419 1942 529 1978 betur
553 1954 619 1989 per
642 1942 813 1978 doctores
836 1941 1005 1990 Wendye
1029 1941 1182 1979 Walker
1207 1946 1246 1978 et
1269 1941 1426 1978 Bounde
1451 1946 1489 1978 et
1514 1953 1580 1989 per
1604 1953 1719 1977 vnum
1746 1952 1873 1977 eorum

417 2004 655 2048 presentetur
686 2001 839 2038 domino
873 2001 1176 2038 vicecancellario
1209 2002 1248 2037 in
1283 2001 1393 2049 plena
1431 2001 1717 2048 congregacione
1750 2012 1875 2047 regen-

417 2061 514 2096 tium
547 2064 587 2097 et
619 2060 749 2097 literas
782 2060 921 2097 habeat
953 2061 1066 2097 huius
1094 2064 1218 2097 vestre
1250 2061 1499 2097 concessionis
1531 2060 1653 2107 sigillo
1685 2060 1874 2096 communi

416 2119 600 2166 sigillatas
697 2120 940 2156 Presentatus
965 2131 1032 2168 per
1054 2119 1246 2156 doctorem
1273 2119 1425 2156 Walker
1452 2122 1495 2155 15
1523 2118 1740 2155 Decembris

322 2178 549 2215 Conceditur
576 2181 619 2215 15
644 2178 815 2215 Januarii
844 2179 1008 2215 Roberto
1034 2178 1180 2215 Britiffe
1208 2181 1252 2215 vt
1277 2178 1447 2215 stu'dium
1473 2180 1512 2214 et
1536 2178 1702 2225 practica
1731 2181 1874 2225 septem

415 2249 600 2274 annorum
626 2238 664 2274 in
690 2238 876 2275 medicina
901 2239 1063 2275 sufficiat
1087 2239 1121 2275 ei
1150 2238 1198 2275 ad
1224 2237 1508 2286 practicandum
1535 2238 1572 2273 in
1599 2237 1727 2273 eadem
1755 2237 1810 2273 ita
1834 2241 1876 2274 vt

415 2298 497 2334 cius
521 2296 683 2333 eruditio
708 2297 813 2345 prius
837 2297 1073 2338 examinetur
1104 2300 1144 2333 et
1168 2296 1397 2344 approbetur
1421 2307 1487 2343 per
1510 2295 1682 2332 doctores
1708 2295 1877 2333 Hatcher

416 2360 456 2392 et
480 2356 592 2392 Carre
616 2358 656 2391 et
680 2358 918 2403 presentetur
943 2355 982 2391 in
1008 2355 1117 2403 plena
1143 2355 1427 2402 congregatione
1452 2366 1518 2402 per
1542 2366 1658 2390 vnum
1684 2366 1811 2391 eorum
1837 2357 1877 2391 et

418 2415 555 2452 habeat
578 2414 707 2451 literas
730 2418 854 2450 vestre
878 2414 1129 2451 concessionis
1152 2414 1336 2462 sigillatas
1361 2413 1482 2461 sigillo
1504 2414 1693 2450 communi
1792 2414 1873 2450 Pre-

415 2478 588 2512 nentatus
613 2486 679 2523 per
701 2474 891 2511 doctorem
918 2474 1032 2511 Gerre
1057 2476 1079 2511 9
1106 2474 1299 2511 Februarii

321 2534 549 2571 Conceditur
568 2537 611 2571 lo
628 2533 799 2570 Januarii
821 2534 1014 2570 Leonardo
1032 2533 1185 2582 Duffyld
1204 2538 1246 2571 vt
1262 2533 1431 2570 studium
1450 2537 1488 2569 et
1512 2532 1633 2568 multa
1656 2532 1820 2579 practica
1838 2533 1875 2568 in

416 2593 604 2639 chirurgia
626 2593 789 2629 »sufficiat
810 2593 843 2629 ei
868 2593 915 2629 ud
939 2593 1223 2641 practicandum
1250 2593 1288 2629 in
1313 2592 1443 2629 eadem
1469 2592 1522 2628 sic
1546 2595 1587 2627 vt
1610 2591 1690 2627 eius
1713 2591 1876 2638 cognitio

418 2653 521 2700 prius
545 2651 775 2700 approbetur
800 2663 866 2699 per
889 2651 1061 2689 doctores
1086 2651 1239 2689 Welker
1262 2654 1301 2689 et
1326 2652 1439 2688 Gerre
1464 2654 1502 2686 et
1530 2650 1676 2698 publice
1702 2651 1739 2686 in
1767 2651 1877 2699 plena

416 2711 700 2758 congregatione
733 2710 942 2757 regentium
978 2722 1044 2759 per
1077 2722 1192 2747 vnum
1229 2722 1357 2747 eorum
1399 2712 1635 2758 presentetur
1666 2714 1705 2745 et
1739 2708 1877 2746 habeat

417 2771 545 2807 literne
563 2773 685 2806 ventre
701 2771 951 2807 conceueionis
968 2770 1152 2819 sigillatae
1168 2770 1290 2819 sigillo
1307 2770 1496 2807 communi
1597 2769 1665 2806 Per
1686 2768 1875 2806 doctorem

417 2831 429 2861 (
440 2832 530 2866 'ut-re
