2008 3216
165 163 384 222 1567-68]
749 175 900 208 eRAcn
930 174 1050 207 1300ss
1085 175 1115 208 Δ
1625 166 1707 209 215

164 279 398 316 Conceditur
413 282 460 314 30
475 279 647 315 Januarii
669 280 850 326 magistro
869 279 893 315 J
895 278 1012 315 acobo
1034 279 1139 326 Ellys
1162 283 1204 314 vt
1224 278 1395 314 studium
1418 281 1438 316 7
1460 291 1644 315 annorum
1667 279 1707 315 in

253 338 278 374 J
281 349 347 374 ure
368 338 471 374 ciuili
488 349 574 374 cum
592 337 893 385 oppositionibus
910 341 970 374 etc
986 337 1150 385 sufficiat
1165 337 1201 373 ei
1218 337 1266 373 ad
1284 337 1541 385 incipiendum
1559 339 1599 374 in
1615 339 1639 374 J
1642 350 1708 374 ure

255 396 357 432 civili

350 455 592 491 Presentatus
608 467 675 502 per
689 455 880 492 doctorem
899 455 1041 492 Master
1057 458 1080 491 4
1095 455 1120 491 J
1122 455 1203 491 unii

161 513 389 550 Conceditur
407 515 427 551 7
446 514 539 550 Maii
556 517 598 550 vt
618 515 811 561 responsio
834 515 882 551 ad
904 526 1020 562 quam
1042 517 1195 550 tenetur
1216 514 1362 550 ratione
1383 514 1523 562 gradus
1545 515 1604 551 sui
1627 526 1706 550 sus-

254 571 415 618 cipiendi
432 572 552 618 possit
568 572 694 618 peragi
711 572 751 608 in
768 573 949 619 vesperiis
965 572 1207 608 comitiorum

625 810 910 854 Bachalaurei
941 811 987 854 in
1019 811 1239 869 theologia

161 933 387 970 Conceditur
404 937 450 970 24
467 934 641 971 Octobris
657 936 838 982 magistro
855 936 923 982 Ed.
940 937 1092 983 Deryng
1104 939 1146 973 vt
1159 936 1329 973 studium
1342 937 1511 984 quinque
1522 946 1707 972 annorum

254 992 294 1028 in
311 992 497 1039 theologia
513 996 715 1040 postquam
733 994 871 1030 rexerit
896 994 935 1030 in
958 993 1106 1030 artibus
1128 1006 1215 1030 cum
1234 994 1536 1041 oppositionibus
1558 1005 1707 1040 respon-

254 1049 423 1085 sionibus
444 1050 680 1086 sermonibus
702 1054 742 1086 et
764 1051 847 1087 aliis
870 1052 1057 1087 exercitiis
1082 1063 1149 1098 per
1172 1055 1322 1088 statuta
1346 1053 1540 1099 requisitis
1564 1051 1707 1099 perfici-

254 1108 361 1144 endis
383 1109 483 1145 infra
505 1121 647 1145 annum
665 1122 731 1146 sue
748 1110 988 1146 admissionis
1005 1110 1076 1146 sub
1094 1122 1191 1157 pena
1207 1111 1267 1147 xli
1286 1111 1459 1158 ponenda
1476 1112 1515 1147 in
1532 1110 1708 1147 manibus

255 1170 540 1213 procuratorum
557 1170 646 1204 ante
663 1168 744 1204 eius
759 1169 1028 1204 admissionem
1044 1170 1208 1206 sufficiat
1224 1170 1258 1206 ei
1276 1174 1355 1206 tam
1373 1170 1420 1206 ad
1439 1169 1707 1217 opponendum

254 1237 368 1272 quam
385 1227 432 1262 ad
449 1227 668 1263 intrandum
686 1228 725 1263 in
742 1239 848 1263 sacra
865 1228 1050 1275 theologia
1100 1230 1259 1276 (peregit
1275 1230 1402 1265 omnia
1418 1230 1551 1277 marq.)

118 1337 120 1339 v
353 1285 595 1322 Presentatus
612 1298 678 1334 per
694 1286 885 1324 doctorem
905 1288 1082 1324 Hawford
1099 1292 1138 1324 et
1151 1289 1338 1325 admissus
1355 1289 1484 1325 eodem

161 1340 387 1378 Conceditur
404 1346 449 1378 28
467 1343 692 1380 Novembris
709 1345 890 1391 magistro
907 1345 970 1380 W⁰
991 1345 1133 1381 Foulke
1157 1349 1199 1381 vt
1219 1345 1389 1381 studium
1417 1349 1438 1380 5
1461 1357 1647 1381 annorum
1667 1345 1707 1380 iu

254 1401 440 1448 theologia
456 1405 657 1449 postquam
675 1403 812 1438 rexerit
829 1404 868 1439 in
885 1403 1032 1439 artibus
1048 1416 1136 1439 cum
1153 1404 1454 1451 oppositionibus
1470 1407 1530 1439 etc
1546 1404 1708 1439 sufficiat

253 1459 287 1495 ei
300 1462 380 1496 tam
393 1461 440 1496 ad
453 1462 717 1508 opponendum
728 1474 844 1509 quam
857 1462 904 1499 ad
918 1462 1138 1499 intrandum
1151 1464 1191 1499 in
1204 1475 1310 1499 sacra
1320 1463 1508 1510 theologia
1549 1463 1708 1510 (peregit

255 1520 384 1562 omnia(
397 1522 530 1568 marq.)

161 1577 389 1615 Conceditur
407 1583 450 1615 13
465 1579 659 1616 Februarii
677 1581 857 1627 magistro
872 1582 902 1616 N
910 1581 1053 1617 icholao
1067 1581 1235 1629 Shepard
1250 1586 1292 1617 vt
1304 1582 1475 1618 studium
1489 1584 1509 1619 7
1523 1593 1707 1617 annorum

252 1638 292 1673 in
308 1638 492 1686 theologia
508 1644 711 1687 postquam
728 1642 866 1677 rexerit
882 1641 922 1677 in
939 1641 1086 1677 artibus
1110 1654 1197 1678 cum
1222 1638 1523 1688 oppositionibus
1545 1645 1605 1677 etc
1626 1653 1707 1688 per—

253 1697 420 1734 ficiendis
437 1698 534 1734 infra
550 1711 693 1735 annum
710 1712 777 1735 sue
794 1700 1035 1736 admissionis
1053 1700 1125 1737 sub
1141 1713 1238 1748 pena
1255 1702 1313 1737 xli
1337 1701 1511 1748 ponenda
1534 1705 1594 1737 etc
1619 1701 1707 1737 licet

254 1767 328 1791 non
351 1756 512 1793 audierit
532 1757 711 1794 lectiones
735 1750 943 1796 secundum
969 1761 1128 1796 formam
1151 1761 1289 1796 statuti
1310 1761 1474 1797 sufficiat
1495 1761 1530 1796 ei
1553 1764 1635 1796 tam
1658 1760 1707 1796 ad

253 1816 516 1862 opponendum
538 1829 654 1863 quam
676 1818 724 1854 ad
750 1819 971 1855 intrandum
995 1820 1034 1855 in
1059 1832 1165 1856 sacra
1185 1821 1374 1867 theologia
1395 1821 1450 1856 sic
1473 1825 1516 1856 vt
1539 1821 1620 1856 eius
1642 1819 1707 1856 ad-

253 1873 381 1909 missio
398 1878 474 1910 stet
490 1887 557 1921 pro
574 1876 760 1923 completo
775 1877 895 1924 gradu
911 1881 951 1914 et
968 1890 1043 1914 non
1061 1881 1229 1914 arctetur
1241 1879 1290 1915 ad
1304 1891 1449 1915 moram
1462 1880 1501 1915 in
1515 1879 1708 1916 academia

254 1932 476 1968 trahendam
493 1933 599 1969 iuxta
615 1935 818 1981 antiquum
835 1938 1024 1972 statutum
1074 1938 1232 1984 (peregit
1248 1938 1376 1974 omnia
1393 1939 1524 1986 marq.)

350 1991 594 2028 Preseutatus
609 1992 740 2028 eodem
756 2005 823 2040 per
839 1994 1031 2030 doctorem
1050 1995 1288 2042 Wightgyfte
1305 1999 1344 2032 et
1360 1996 1549 2032 admissus

161 2048 386 2086 Conceditur
401 2053 440 2085 4⁰
455 2050 478 2086 J
484 2051 561 2086 unii
579 2052 760 2098 magistro
782 2052 874 2088 Rob.
894 2053 1001 2088 West
1023 2058 1066 2089 vt
1089 2053 1260 2090 studium
1284 2056 1304 2091 7
1327 2066 1515 2090 annorum
1538 2055 1578 2090 in
1601 2055 1705 2091 theo-

254 2108 350 2155 logia
365 2112 565 2156 postquam
584 2112 721 2148 rexerit
744 2112 783 2147 in
804 2113 951 2148 artibus
975 2125 1061 2149 cum
1085 2114 1387 2160 oppositionibus
1407 2118 1466 2150 etc
1489 2115 1652 2151 sufficiat
1671 2115 1706 2150 ei

254 2171 333 2204 tam
358 2168 405 2205 ad
427 2170 691 2216 opponendum
716 2182 832 2217 quam
857 2171 905 2207 ad
931 2172 1152 2208 intrandum
1178 2174 1217 2209 in
1243 2186 1350 2210 sacra
1373 2174 1561 2221 theologia
1585 2175 1640 2210 sic
1664 2177 1708 2210 vt

255 2227 381 2263 omnia
404 2229 587 2274 premissa
611 2233 764 2276 peragat
789 2230 888 2266 infra
912 2243 1055 2267 annum
1081 2231 1153 2268 sub
1175 2244 1273 2279 pena
1292 2233 1348 2269 xli
1398 2233 1556 2280 (peregit
1581 2233 1707 2268 omnia

256 2287 388 2333 mar-9.)

348 2345 548 2382 Admissus
565 2347 696 2383 eodem
712 2351 752 2383 et
768 2352 1008 2395 presentatus
1024 2361 1092 2396 per
1107 2349 1300 2386 doctorem
1319 2350 1542 2398 Wightgifte

781 2573 1090 2631 Incorporatus

163 2685 388 2723 Conceditur
402 2687 524 2735 primo
540 2688 683 2736 Aprilis
700 2691 880 2737 magistro
897 2692 921 2728 J
923 2705 954 2729 0.
975 2693 1166 2730 Garbrant
1183 2694 1222 2731 in
1240 2695 1431 2732 academia
1448 2695 1650 2733 Oxoniensi
1667 2698 1707 2733 in

255 2745 401 2782 artibus
423 2748 603 2794 magistro
620 2751 662 2784 vt
678 2749 731 2785 sit
748 2750 810 2786 hic
826 2751 928 2797 apud
944 2763 1012 2787 vos
1033 2753 1073 2787 in
1093 2753 1235 2790 eisdem
1257 2754 1377 2801 gradu
1396 2754 1526 2791 ordine
1547 2760 1586 2791 et
1607 2769 1707 2792 anno

255 2804 394 2851 quibus
410 2805 484 2842 fuit
500 2807 538 2842 in
556 2807 659 2844 dicta
674 2809 867 2846 academia
885 2810 1087 2847 Oxoniensi

351 2864 554 2901 Admissus
577 2866 709 2903 eodem
