2008 3294
138 166 355 224 1578-79]
710 177 862 210 omos
892 176 1017 209 BOOK
1048 176 1078 207 Δ
1594 153 1689 204 323

640 519 850 562 Doctores
879 517 924 560 in
957 515 1174 572 theologia
1701 508 1728 548 f.
1755 508 1869 548 1280.

134 646 360 683 Conceditur
381 649 426 682 23
450 646 579 682 Martii
602 647 782 693 magistro
805 646 958 693 Hugoni
981 645 1103 681 Bellot
1119 646 1161 680 vt
1183 642 1353 680 studium
1370 642 1419 690 xij
1441 653 1625 678 annorum
1643 641 1682 676 in

228 706 413 752 theologia
429 710 630 753 postquam
652 706 790 742 rexerit
806 706 846 742 in
863 705 1009 742 artibus
1026 716 1112 741 cum
1130 715 1204 740 vna
1223 701 1463 750 responsione
1479 704 1519 738 et
1535 700 1684 738 duobus

228 763 462 799 sermonibus
494 763 541 799 ad
574 763 714 800 clerum
747 765 787 799 et
818 775 892 799 vno
924 763 972 799 ad
1010 761 1191 810 populum
1230 761 1269 798 in
1305 760 1459 797 ecclesia
1493 759 1683 796 academie

227 822 388 858 sufficiat
411 822 445 857 ei
470 821 517 857 ad
542 821 797 868 incipiendum
822 821 862 857 in
885 833 990 857 sacra
1014 820 1199 866 theologia

134 881 359 917 Conceditur
384 884 428 917 10
450 881 473 917 J
476 882 555 917 unii
578 882 757 928 magistro
774 880 880 918 Edm.
900 880 1133 917 Sherbrooke
1149 884 1192 915 vt
1213 878 1384 915 studium
1401 890 1424 914 x
1440 889 1624 914 annorum
1642 877 1682 913 in

226 940 412 987 theologia
433 943 520 987 post
540 940 695 987 gradum
717 940 1043 976 bacchalauriatus
1066 940 1104 976 in
1122 939 1253 975 eadem
1270 938 1450 974 facultate
1466 949 1554 974 cum
1570 949 1681 984 oppo-

227 999 429 1035 sicionibus
457 999 763 1047 responsionibus
788 999 1023 1036 sermonibus
1050 1002 1089 1035 et
1115 998 1199 1035 aliis
1227 997 1414 1034 exercitiis
1443 1008 1510 1044 per
1536 999 1683 1033 statuta

227 1058 419 1105 requisitis
444 1059 605 1095 sufficiat
630 1059 663 1095 ei
688 1058 736 1096 ad
761 1058 1015 1106 incipiendum
1041 1059 1080 1095 in
1105 1069 1210 1094 sacra
1234 1057 1419 1104 theologia

617 1350 734 1394 Ordo
764 1349 1029 1393 senioritatis
1058 1364 1196 1406 mary.

462 1481 518 1517 M*
533 1480 569 1518 d.
588 1479 821 1518 Sherbrooke
1056 1479 1112 1516 Mr
1126 1478 1162 1516 d.
1181 1478 1308 1527 Byllot

496 1775 656 1819 Gratiae
687 1789 773 1818 non
803 1778 1111 1818 concernentes
1142 1774 1322 1817 formam

137 1903 362 1942 Conceditur
397 1905 439 1939 17
474 1900 646 1938 Octobris
679 1899 859 1947 magistro
893 1898 1051 1935 Ricardo
1084 1899 1203 1935 Wood
1237 1899 1311 1936 Tri.
1347 1904 1389 1936 vt
1425 1901 1476 1936 sit
1509 1912 1606 1936 vnus
1640 1913 1685 1936 ex

231 1962 426 1999 duodecim
443 1959 738 2008 predicatoribus
755 1959 823 1995 hoc
841 1958 1005 2006 presenti
1021 1970 1121 1994 anno
1137 1971 1204 2006 per
1219 1958 1449 1996 academiam
1466 1960 1687 1996 emittendis

231 2022 285 2058 sic
313 2023 355 2057 vt
382 2031 494 2067 super
521 2019 590 2055 hac
615 2022 739 2054 vestra
767 2017 1003 2054 concessione
1030 2017 1159 2053 literas
1188 2017 1326 2053 habeat
1354 2017 1537 2065 sigillatas
1565 2019 1687 2065 sigillo

233 2082 357 2117 vestro
389 2077 578 2115 communi
642 2079 688 2113 23
716 2076 740 2112 J
742 2076 887 2112 anuarii
921 2075 1099 2123 magistro
1132 2075 1296 2111 Roberto
1324 2075 1474 2112 Church
1503 2078 1546 2114 G.
1577 2083 1616 2114 et
1644 2078 1685 2115 C.

234 2142 257 2176 6
285 2138 476 2176 Februarii
504 2137 683 2185 magistro
710 2135 868 2172 Ricardo
891 2136 1007 2172 Jones
1037 2135 1159 2182 Magd.
1225 2137 1248 2170 8
1279 2135 1355 2172 Mai
1385 2137 1565 2184 magistro
1594 2138 1685 2175 Tho.

235 2198 367 2235 Nevell
392 2196 517 2234 Pemb.

142 2259 369 2298 Conceditur
393 2260 437 2294 16
458 2255 675 2293 Decembris
698 2255 878 2302 magistro
902 2254 1004 2301 Step.
1024 2253 1225 2290 Ridlesden
1242 2254 1421 2300 quoniam
1439 2254 1564 2302 Regiis
1580 2267 1689 2303 nego-

236 2319 305 2355 ciis
332 2316 537 2364 impeditus
561 2315 706 2351 vltimis
733 2314 898 2350 comitiis
925 2313 1107 2350 interesse
1136 2325 1210 2349 non
1240 2316 1389 2360 poterat
1413 2318 1456 2350 vt
1481 2315 1592 2351 liceat
1616 2315 1689 2352 sibi

236 2377 393 2414 eandem
417 2375 675 2412 senioritatem
699 2385 886 2410 reservare
908 2385 1023 2420 quam
1049 2375 1158 2420 pater
1181 2372 1215 2408 ei
1239 2375 1332 2409 tunc
1356 2373 1564 2420 assignavit
1587 2377 1626 2411 et
1648 2379 1690 2411 vt

235 2437 356 2486 possit
371 2435 487 2472 creari
504 2435 544 2470 in
561 2434 698 2470 scholis
715 2432 877 2480 publicis

142 2497 367 2535 Conceditur
391 2497 435 2531 16
457 2492 674 2530 Decembris
722 2492 847 2537 Quum
867 2491 1048 2538 magister
1064 2491 1229 2527 Thomas
1245 2491 1448 2528 Andrewes
1465 2493 1555 2529 olim
1571 2494 1690 2530 alum-

239 2567 312 2592 nus
343 2559 466 2591 vester
497 2555 537 2589 et
568 2552 662 2588 iuris
694 2551 816 2587 civilis
847 2549 1131 2586 bacchalaurius
1163 2562 1264 2586 nunc
1296 2550 1420 2597 legum
1448 2551 1691 2599 Anglicarum

238 2614 382 2663 peritus
405 2613 445 2648 in
470 2611 602 2648 multis
625 2613 665 2647 et
692 2609 870 2656 gravibus
898 2608 1088 2644 academie
1118 2609 1241 2644 causis
1264 2609 1424 2646 fideliter
1446 2610 1693 2647 elaboraverit

238 2676 278 2710 et
301 2672 381 2708 eius
405 2681 517 2717 opera
540 2668 588 2705 ad
612 2668 765 2715 negocia
789 2670 915 2702 vestra
940 2666 1036 2703 bene
1059 2671 1098 2702 et
1122 2667 1315 2703 commode
1342 2668 1434 2704 foris
1460 2670 1694 2716 procuranda

239 2731 348 2768 valde
371 2729 579 2766 necessaria
600 2727 840 2764 existimatur
864 2726 992 2762 Placet
1013 2725 1121 2762 vobis
1143 2730 1186 2762 vt
1207 2725 1307 2762 idem
1330 2726 1495 2763 Thomas
1515 2728 1693 2775 syndicus

239 2794 365 2828 vester
389 2801 456 2826 seu
483 2798 681 2824 causarum
709 2785 898 2822 academie
926 2785 1135 2821 solicitator
1161 2785 1417 2822 constituatur
1445 2790 1484 2823 et
1512 2799 1581 2834 pro
1608 2775 1693 2824 con-

241 2850 326 2886 silio
349 2848 551 2895 laboreque
574 2858 642 2883 suo
666 2846 743 2882 iam
768 2846 938 2892 impenso
962 2847 1002 2880 et
1025 2844 1066 2880 in
1089 2847 1284 2892 posterum
1308 2845 1348 2881 in
1373 2847 1535 2893 negociis
1559 2849 1695 2884 vestris

1452 2924 1584 2963 21—2
