2008 3294
344 174 431 215 368
927 181 1080 213 GRACE
1109 182 1234 214 BOOK
1265 182 1295 213 Δ
1670 172 1893 228 [1582-83

343 288 573 325 Conceditur
592 288 723 324 eodem
747 288 927 334 magistro
944 287 1036 323 Tho.
1055 287 1202 322 Turner
1220 290 1262 322 vt
1279 287 1451 323 studium
1469 290 1516 323 20
1531 298 1717 323 annorum
1733 287 1774 323 in
1790 286 1895 322 theo-

437 347 535 394 logia
550 349 754 394 postquam
771 346 909 382 rexerit
927 347 966 381 in
983 345 1131 382 artibus
1148 357 1235 381 cum
1251 357 1326 381 vna
1342 346 1582 392 responsione
1597 346 1742 382 doctori
1760 346 1842 392 (sic)
1857 348 1895 381 et

437 419 512 442 vno
532 418 703 443 sermone
719 406 766 442 ad
784 406 925 442 clerum
942 405 1104 441 sufficiat
1120 405 1154 441 ei
1171 405 1219 441 ad
1237 405 1493 452 incipiendum
1511 405 1550 440 in
1567 417 1674 441 sacra
1690 404 1878 451 theologia

343 464 570 501 Conceditur
601 463 730 499 eodem
765 463 944 509 magistro
978 463 1138 498 Ricardo
1173 462 1286 498 Wood
1320 466 1362 499 vt
1390 462 1560 498 studium
1590 466 1612 498 5
1641 474 1826 498 annorum
1854 462 1894 497 in

437 523 623 569 theologia
648 527 733 570 post
757 522 914 569 gradum
938 522 1270 558 bacchalaureatus
1295 524 1356 558 etc
1381 534 1468 558 cum
1494 521 1792 569 oppositionibus
1821 534 1895 558 vna

437 583 676 630 responsione
693 582 732 618 in
750 582 929 628 vesperiis
945 582 1184 617 comitiorum
1200 580 1436 617 sermonibus
1455 584 1495 617 et
1514 581 1598 616 aliis
1620 580 1806 617 exercitiis
1829 592 1895 627 per

437 643 584 677 statuta
599 641 700 687 regia
716 640 911 687 requisitis
926 640 1090 676 sufficiat
1105 640 1140 676 ei
1156 640 1204 676 ad
1222 640 1478 687 incipiendum
1495 640 1534 675 in
1551 652 1659 676 sacra
1674 639 1863 686 theologia

341 700 569 736 Conceditur
585 702 608 735 8
624 699 647 735 J
651 699 730 735 unii
754 699 933 746 magistro
955 699 1082 735 Godfr.
1105 698 1381 735 Goldisborowe
1405 701 1447 734 vt
1470 698 1639 735 studium
1664 702 1685 734 5
1709 709 1894 734 annorum

436 759 475 794 in
498 758 684 805 theologia
706 762 792 805 post
808 758 967 805 gradum
983 762 1043 794 etc
1060 770 1147 794 cum
1164 770 1239 794 vna
1256 758 1497 805 responsione
1513 761 1553 794 et
1569 769 1643 794 vno
1659 769 1830 794 sermone
1845 757 1893 793 ad

438 816 618 864 populum
636 817 674 852 in
693 816 883 852 academie
899 816 1042 863 templo
1058 815 1221 852 sufficiat
1237 816 1271 851 ei
1288 819 1348 852 etc

342 877 570 913 Conceditur
589 879 629 912 11
649 876 756 912 Junii
775 876 956 922 magistro
971 875 1029 912 Jo.
1050 874 1254 922 Robynson
1271 875 1362 910 olim
1384 875 1483 911 socio
1508 875 1593 911 aule
1616 875 1834 912 Pembroch.
1853 875 1893 911 in

437 936 532 971 istac
545 935 792 971 vniuersitate
805 939 845 972 et
858 939 989 982 postea
1000 935 1143 982 collegii
1153 935 1232 971 divi
1243 935 1266 971 J
1268 935 1429 971 ohannis
1440 935 1479 970 in
1490 935 1692 971 Oxoniensi
1702 934 1893 971 academia

437 994 602 1041 prefecto
627 996 667 1029 et
691 1005 792 1029 nunc
821 993 974 1030 ecclesie
1003 993 1240 1029 Cathedralis
1270 993 1543 1029 Lincolniensis
1575 992 1823 1040 prebendario
1851 997 1893 1030 vt

437 1051 607 1088 studium
625 1054 671 1086 24
687 1063 872 1087 annorum
892 1051 952 1087 hic
972 1056 1011 1087 et
1031 1051 1187 1088 Oxoniis
1209 1051 1249 1086 iu
1271 1050 1458 1098 theologia
1480 1055 1682 1098 postquam
1700 1051 1837 1087 rexerit
1854 1052 1893 1088 in

437 1111 584 1148 artibus
605 1124 692 1148 cum
721 1124 793 1148 vno
819 1123 991 1148 sermone
1017 1111 1065 1148 ad
1091 1111 1275 1159 populum
1303 1112 1342 1147 in
1368 1111 1558 1148 academie
1583 1111 1726 1158 templo
1755 1115 1794 1147 et
1820 1123 1894 1147 vna

438 1171 672 1218 oppositione
689 1171 729 1207 in
747 1171 884 1207 scholis
901 1171 1119 1218 theologicis
1136 1170 1300 1207 sufficiat
1319 1171 1353 1207 ei
1377 1170 1424 1207 ad
1448 1170 1703 1218 incipiendum
1726 1170 1766 1206 in
1788 1182 1893 1206 sacra

437 1230 625 1277 theologia

911 1500 1030 1543 Ordo
1060 1499 1327 1543 senioritatis

534 1631 583 1666 D¹
602 1630 793 1666 Robinson
1034 1630 1079 1667 D.
1100 1629 1282 1665 Handson
1524 1630 1568 1667 D.
1587 1630 1705 1666 Wood

533 1689 577 1725 D.
599 1689 874 1736 Hethcrington
1033 1689 1078 1725 D.
1097 1688 1376 1725 Goldisborowe
1526 1689 1572 1727 D.
1590 1689 1735 1726 Bennet

534 1748 578 1785 D.
598 1748 745 1784 Turner
1037 1747 1081 1783 D.
1102 1748 1258 1794 Morgan
1527 1748 1572 1786 D.
1594 1748 1704 1785 Rudd

346 1942 456 1979 Mem.
481 1942 581 1990 quod
604 1938 775 1989 magistri
799 1942 931 1978 Shawe
951 1945 990 1979 et
1012 1942 1151 1978 Parker
1172 1941 1390 1979 defecerunt
1409 1945 1448 1979 et
1468 1953 1543 1978 non
1563 1945 1654 1978 sunt
1675 1942 1793 1989 gavisi
1816 1943 1896 1980 suis

438 2001 572 2048 gratiis
587 2007 627 2037 et
644 2000 727 2038 ideo
745 2001 927 2038 forisfecit
943 2000 1105 2048 quilibet
1122 2013 1168 2037 xx
1179 2014 1198 2037 s

346 2061 456 2097 Mem.
482 2059 581 2108 quod
609 2059 788 2107 magister
814 2059 1018 2108 Robynson
1042 2072 1110 2097 sua
1135 2060 1331 2098 voluntate
1356 2059 1503 2108 publice
1532 2063 1572 2097 et
1599 2061 1816 2098 solemniter
1839 2073 1894 2098 re-

438 2118 592 2167 spondit
608 2119 751 2156 doctori
771 2119 890 2156 Fulkc
906 2118 1120 2167 disputanti
1138 2119 1245 2156 iuxta
1262 2131 1404 2156 morem
1421 2119 1610 2158 academie

714 2389 879 2434 Gratim
910 2402 996 2432 nou
1027 2394 1338 2433 concernentes
1367 2390 1528 2449 gradus

347 2525 575 2562 Conwditur
597 2528 640 2562 10
657 2523 831 2562 Octobris
873 2524 1058 2570 Quoniam
1072 2523 1271 2563 dubitatur
1286 2525 1333 2563 dc
1349 2527 1566 2565 senioritate
1583 2528 1836 2576 eligendorum
1854 2530 1892 2566 in

443 2586 699 2632 procuratores
715 2586 755 2620 et
770 2582 919 2630 questio
937 2581 1086 2619 videtur
1106 2583 1224 2620 maior
1245 2596 1360 2632 quam
1385 2589 1426 2622 vt
1450 2587 1568 2634 possit
1588 2586 1830 2625 determinari
1854 2589 1892 2625 in

443 2650 551 2680 tanta
574 2642 754 2690 temporis
782 2641 965 2678 brevitate
987 2641 1110 2689 placet
1133 2641 1239 2679 vobis
1265 2647 1306 2680 vt
1330 2644 1526 2692 elegantur
1550 2645 1721 2683 absolute
1746 2647 1784 2684 in
1810 2659 1892 2695 pro-

442 2706 632 2739 cumton-ee
647 2700 728 2737 nine
745 2699 872 2747 aliqua
890 2700 1080 2736 montiono
1097 2701 1328 2739 seruiet-itatis
1347 2703 1402 2740 ita
1416 2707 1456 2740 vt
1470 2704 1529 2741 ius
1542 2704 1728 2752 integrum
1743 2708 1894 2743 maneat

441 2761 590 2807 vtrique
607 2758 801 2796 maturiori
819 2757 1089 2796 deliberacione
1105 2764 1144 2797 ct
1162 2760 1329 2808 legitima.
1345 2763 1572 2800 auctoritate
1588 2763 1841 2802 definiendum

346 2819 573 2856 ‹tonooditur
594 2821 635 2854 18
654 2817 828 2855 Octobris
847 2821 887 2854 vt
906 2816 1016 2854 modo
1035 2817 1121 2855 lecti
1139 2818 1218 2855 sint
1233 2820 1441 2868 respective
1458 2821 1633 2860 custodes
1649 2827 1688 2860 et
1703 2822 1894 2860 auditores

441 2877 621 2915 cistarum
638 2888 706 2925 pro
723 2876 792 2914 hoc
809 2887 908 2914 annio
925 2876 1055 2914 futuro
