2008 3294
330 185 418 227 340
912 193 1064 225 oRAcn
1095 193 1218 224 BOOK
1250 194 1280 223 Δ
1657 180 1876 235 [1580-81

139 292 170 333 f.
194 294 271 332 133
290 306 315 331 a
332 298 561 335 Conceditur
593 301 632 333 5⁰
662 297 687 333 J
689 297 757 333 ulii
787 297 967 343 magistro
997 295 1122 343 Philip
1152 295 1228 342 Bys
1257 295 1295 331 in
1325 294 1517 330 academia
1544 293 1746 330 Oxoniensi
1779 305 1882 329 sacre

426 357 611 404 theologie
627 357 825 404 professori
842 357 1022 402 magistro
1044 354 1185 391 Jacobo
1205 355 1281 401 Bys
1300 353 1480 400 magistro
1500 353 1591 388 Tho.
1614 352 1730 388 Stone
1752 352 1883 389 Owino

426 416 527 463 Glyn
541 415 747 462 Reginaldo
760 415 885 462 Byllet
898 414 1058 450 Ricardo
1072 413 1328 461 Fayerclowth
1342 412 1508 448 Martino
1520 412 1619 447 Eton
1634 411 1657 447 J
1660 423 1691 447 o.
1706 411 1882 458 Wymbe-

426 475 537 511 burst
557 474 650 510 Tho.
675 473 833 510 Weldon
859 473 993 520 Egidio
1013 473 1178 508 Tomson
1200 472 1264 507 W⁰
1287 472 1409 517 Gager
1431 471 1575 517 Rogero
1599 470 1822 506 Bradshawe
1843 471 1883 506 in

426 534 620 570 academia
643 533 847 570 Oxoniensi
872 533 910 568 in
936 532 1083 568 artibus
1109 530 1300 578 magistris
1324 531 1454 566 Franc.
1482 529 1652 566 Bevance
1676 529 1716 565 in
1739 528 1884 576 legibus

427 592 695 628 bacchalaureo
717 596 756 627 et
777 592 943 628 Ger-sono
964 591 1080 626 Davis
1103 591 1142 626 in
1165 590 1267 626 dieta
1287 588 1477 625 academia
1499 588 1539 624 in
1561 587 1708 624 artibus
1728 587 1884 624 baccha-

426 652 553 687 laureo
569 653 613 686 vt
629 651 709 686 sint
724 651 787 686 hic
808 650 908 697 apud
932 662 998 686 vos
1020 650 1060 685 in
1082 649 1237 685 eiisdem
1259 649 1379 696 gradu
1400 647 1530 684 ordine
1554 650 1594 683 et
1614 647 1725 683 annis
1746 646 1885 694 quibus

426 711 581 747 fuerunt
597 710 637 746 in
653 710 757 746 dicta
774 710 976 746 Oxoniensi
993 708 1184 744 academia

333 768 561 806 Conceditur
576 768 600 804 J
602 768 670 804 ulii
688 768 756 815 vj‘ss’
771 771 814 803 vt
831 767 1145 803 honoratissimus
1163 766 1352 802 Robertus
1370 765 1504 802 Comes
1523 764 1570 801 de
1591 764 1707 801 Essex
1728 766 1769 800 et
1789 763 1886 800 Evia

427 828 633 863 vicecomes
664 826 711 862 de
745 825 967 862 Herefordia
1002 825 1180 860 dominus
1219 825 1368 860 Ferrers
1400 823 1447 860 de
1479 823 1671 860 Chartleio
1709 823 1885 859 dominus

429 885 683 932 Bourgbchier
709 888 749 921 et
777 885 823 921 de
853 884 1019 921 Lovanio
1048 886 1245 930 cooptetur
1277 883 1315 918 in
1349 882 1517 918 ordinem
1551 882 1815 929 magistrorum
1845 882 1883 917 in

427 944 576 981 artibus
591 945 646 980 sic
662 946 706 980 vt
723 956 795 980 non
815 946 983 979 arctetur
998 942 1046 978 ad
1064 942 1230 988 aliquam
1253 941 1500 977 ceremoniam
1523 941 1674 977 solitam
1696 940 1884 977 observari

427 1002 477 1039 ab
489 1002 758 1049 incipientibus
771 1003 810 1038 in
823 1001 954 1038 eadem
967 1001 1148 1037 facultate
1158 999 1223 1036 sed
1238 1003 1389 1035 tantum
1401 999 1629 1036 admittatur
1641 999 1690 1036 ad
1703 999 1882 1046 placitum

428 1063 482 1098 sic
498 1065 541 1097 vt
556 1062 637 1098 eius
653 1060 834 1097 admissio
850 1064 927 1096 stet
943 1060 979 1096 ei
996 1071 1064 1106 pro
1081 1058 1278 1106 completis
1298 1057 1417 1104 gradu
1434 1060 1473 1094 et
1490 1058 1611 1094 forma
1629 1064 1668 1094 et
1685 1058 1885 1105 promittat

428 1120 706 1158 observantiam
738 1119 1018 1168 privilegiorum
1051 1122 1090 1155 et
1121 1117 1437 1154 consuetudinum
1475 1117 1588 1153 huius
1627 1116 1886 1153 vniuersitatis

428 1180 721 1228 approbatamm

804 1440 1097 1483 Practicantes
1127 1439 1174 1482 in
1205 1439 1421 1482 medicina

336 1566 565 1603 Conceditur
580 1566 725 1605 decimo
743 1566 872 1603 Martii
890 1566 1070 1612 magistro
1087 1565 1231 1601 Thome
1248 1564 1428 1601 Turswell
1446 1566 1487 1600 vt
1504 1563 1674 1600 studium
1691 1576 1755 1600 sex
1770 1575 1884 1600 anno-

431 1638 515 1662 rum
533 1625 572 1662 in
589 1625 776 1663 medicina
793 1628 995 1673 postquam
1012 1624 1150 1660 rexerit
1167 1624 1206 1660 in
1223 1623 1370 1660 artibus
1386 1623 1547 1659 sufficiat
1563 1623 1597 1659 ei
1615 1622 1663 1660 ad
1679 1623 1885 1670 practicen-

430 1684 522 1720 dum
539 1684 578 1720 in
595 1684 726 1720 eadem
743 1684 798 1720 ita
815 1687 944 1720 tamen
957 1686 999 1719 vt
1012 1683 1092 1719 eius
1104 1683 1271 1730 cognicio
1285 1685 1324 1718 et
1336 1681 1501 1718 erudicio
1513 1681 1618 1729 prius
1631 1681 1886 1729 approbentur

432 1754 498 1790 per
518 1743 708 1779 doctorem
734 1742 869 1779 Warde
891 1746 930 1778 et
954 1754 1020 1790 per
1045 1743 1171 1789 ipsum
1197 1744 1436 1789 presentetur
1461 1744 1500 1788 et
1525 1752 1639 1788 super
1665 1740 1736 1777 hac
1760 1742 1886 1777 vestra

430 1802 667 1838 concessione
684 1801 812 1838 literas
829 1801 968 1838 habeat
984 1801 1168 1848 sigillatas
1185 1800 1307 1846 sigillo
1325 1803 1450 1836 vestro
1466 1799 1657 1836 communi

337 1859 565 1896 Conceditur
583 1862 627 1896 15
644 1860 788 1907 Aprilis
804 1860 826 1896 J
830 1859 945 1896 acobo
962 1859 1128 1895 Gosnold
1146 1862 1188 1895 vt
1204 1858 1374 1895 studium
1395 1861 1439 1894 10
1451 1870 1635 1894 annorum
1649 1858 1689 1894 in
1702 1858 1887 1895 medicina

431 1919 594 1955 sufficiat
610 1918 644 1955 ei
661 1917 709 1955 ad
727 1918 1013 1967 practicandum
1031 1919 1070 1954 in
1089 1918 1220 1955 eadem
1238 1918 1418 1954 facultate
1435 1917 1489 1953 sic
1507 1922 1548 1953 vt
1565 1917 1647 1954 eius
1663 1917 1825 1965 cognitio
1846 1921 1886 1955 et

430 1977 593 2014 eruditio
620 1977 725 2025 prius
752 1978 1015 2014 examinentur
1046 1983 1086 2014 et
1117 1977 1375 2025 approbentur
1407 1988 1474 2024 per
1505 1976 1676 2013 doctores
1703 1976 1818 2013 Ward
1847 1980 1887 2013 et

434 2035 582 2083 Doding
596 2041 635 2072 et
652 2047 719 2084 per
735 2048 851 2072 vnum
868 2048 997 2072 eorum
1011 2039 1250 2084 presentetur
1265 2035 1304 2071 in
1322 2034 1434 2082 plena
1446 2035 1732 2081 congregacione
1746 2035 1885 2082 Regen-

432 2095 530 2131 tium
557 2094 710 2131 domino
735 2095 1024 2143 procancellario
1048 2099 1086 2131 et
1111 2106 1225 2142 super
1249 2094 1319 2131 hac
1345 2096 1472 2130 vestra
1496 2093 1734 2131 concessione
1757 2093 1886 2131 literas

431 2154 570 2191 habeat
586 2154 769 2202 sigillatas
785 2154 907 2202 sigillo
924 2157 1050 2191 vestro
1066 2153 1256 2190 communi

846 2464 1053 2507 Doctores
1084 2463 1129 2506 in
1162 2463 1377 2506 medicina

334 2590 563 2628 Conceditur
587 2593 631 2627 10
650 2588 825 2626 Octobris
852 2589 1031 2636 magistro
1058 2588 1120 2625 W⁰
1151 2588 1279 2636 Lakyn
1310 2592 1352 2625 vt
1381 2588 1549 2626 studium
1582 2591 1601 2627 7
1629 2600 1816 2626 annorum
1846 2588 1883 2624 in

430 2650 614 2687 medicina
632 2653 832 2698 postquam
851 2649 988 2685 rexerit
1005 2648 1042 2684 in
1060 2647 1207 2684 artibus
1223 2659 1308 2684 cum
1323 2648 1625 2696 opposicionibus
1638 2647 1884 2696 responsioni-

429 2709 499 2746 bus
516 2709 673 2757 aliisque
689 2708 876 2746 exercitiis
893 2719 958 2756 per
974 2711 1121 2744 statuta
1138 2707 1330 2755 requisitis
1345 2707 1508 2744 sufficiat
1521 2707 1554 2744 ei
1568 2706 1615 2744 ad
1629 2706 1884 2755 incipiendum

574 2779 607 2804 ιο
623 2779 647 2804 n

335 2780 474 2866 Radani:
486 2767 630 2875 mgzdstiit
648 2778 879 2864 ⁸conceditur
910 2825 1040 2863 eodem
1075 2826 1255 2874 magistro
1286 2825 1308 2862 J
1313 2837 1344 2862 o.
1380 2824 1539 2874 Bradley
1634 2827 1679 2862 28
1712 2825 1883 2863 Januarii

427 2888 606 2935 magistro
632 2886 732 2935 Swp.
763 2886 872 2923 Peers
