2008 3216
359 164 443 204 114
940 172 1092 214 GRAcE
1123 172 1248 203 Boox
1279 171 1306 202 Δ
1684 158 1906 214 [1555-56

455 357 678 400 Numerus
699 356 1109 399 bacchalaureorum
1132 354 1350 411 theologie
1372 354 1496 397 iuxta
1517 353 1815 397 senioritatem

596 465 676 501 Bell
1073 464 1167 499 Dale
1516 461 1628 509 Edyll

595 523 812 560 Hartborne
1071 522 1247 569 Vyncent
1519 520 1652 556 Shawe

937 684 991 726 In
1013 683 1107 726 iure
1128 684 1335 727 canonico

359 796 405 832 In
430 795 563 843 primis
586 793 804 830 conceditur
829 793 982 839 Hugoni
1007 792 1167 841 Gryffyn
1191 795 1235 829 vt
1259 792 1431 829 studium
1457 793 1529 829 xxtl
1553 804 1738 830 annorum
1767 793 1807 830 in
1832 793 1913 830 iure

453 853 631 890 canonico
651 855 738 900 post
754 851 910 899 gradum
929 851 1263 888 bacchalaureatus
1279 852 1319 888 in
1337 851 1469 888 eodem
1485 852 1548 888 hic
1563 852 1665 899 apud
1681 864 1747 889 vos
1763 864 1911 900 suscep-

453 916 538 949 tum
554 911 718 948 sufficiat
733 911 768 947 ei
784 910 833 947 ad
850 911 1108 958 incipiendum
1125 911 1166 947 in
1181 910 1313 947 eadem
1329 911 1510 947 facultate
1542 956 1545 959 ἢ
1605 951 1607 953 ,

201 1061 227 1100 f.
250 1061 301 1099 45
316 1074 341 1099 a
766 1063 918 1107 Gratie
939 1063 1057 1106 varie
1083 1069 1129 1107 et
1155 1063 1507 1121 dispensaciones

358 1174 406 1210 In
438 1174 572 1221 primis
604 1173 822 1210 conceditur
853 1176 897 1210 vt
929 1185 1059 1210 omnes
1090 1174 1211 1221 gratie
1243 1173 1478 1210 admittendo
1509 1176 1549 1210 et
1581 1173 1815 1210 concedende
1846 1185 1914 1221 per

452 1233 649 1270 dominum
678 1233 1014 1281 procancellarium
1043 1233 1214 1270 doctores
1240 1233 1444 1281 Atkynson
1472 1236 1511 1269 et
1540 1233 1686 1280 Tregan
1714 1233 1914 1280 magistros

453 1292 625 1329 Redman
646 1295 687 1333 et
709 1291 913 1340 Robynson
925 1292 1058 1339 -possit
1079 1303 1298 1328 concurrere
1320 1292 1360 1328 in
1377 1295 1541 1340 quatuor
1562 1291 1913 1339 congregacionibus

451 1351 564 1388 istius
579 1352 670 1388 anni
720 1351 783 1388 Ita
798 1351 900 1398 quod
916 1351 1054 1398 singuli
1070 1351 1206 1388 horum
1222 1352 1391 1399 quinque
1406 1351 1636 1388 vnanimiter
1651 1352 1890 1389 consentiant

358 1411 459 1447 Item
490 1410 709 1447 conceditur
735 1414 780 1447 vt
810 1411 966 1457 exequie
994 1409 1212 1446 celebrande
1244 1410 1285 1446 in
1317 1409 1378 1446 die
1406 1409 1538 1446 vltime
1570 1413 1610 1446 et
1642 1410 1765 1447 finalis
1792 1409 1912 1447 deter-

451 1470 673 1507 minacionis
701 1470 760 1507 viz
791 1469 851 1506 die
884 1470 909 1506 J
911 1470 992 1506 ovis
1025 1469 1195 1517 proximo
1227 1470 1376 1518 possint
1408 1469 1550 1506 differri
1583 1469 1623 1506 in
1655 1469 1757 1506 diem
1789 1469 1912 1507 saboti

451 1532 672 1577 sequentem

358 1588 457 1624 Item
483 1588 703 1625 conceditur
726 1591 768 1624 vt
793 1588 983 1624 concessio
1009 1587 1246 1635 quarundam
1273 1590 1460 1624 terrarum
1486 1587 1704 1624 achademie
1730 1587 1912 1635 magistro

451 1647 618 1684 Johanni
643 1646 812 1684 Redman
836 1659 956 1694 nuper
978 1647 1079 1683 facta
1099 1658 1167 1694 per
1189 1646 1413 1693 magistrum
1439 1647 1534 1684 Dale
1552 1646 1781 1684 sacellanum
1802 1648 1912 1684 acha-

451 1706 574 1743 demie
590 1710 716 1744 vestro
733 1719 918 1743 consensu
934 1710 1019 1743 rata
1035 1707 1087 1743 sit
1102 1709 1142 1743 et
1159 1707 1403 1743 confirmetur
1452 1707 1514 1742 Ita
1529 1706 1631 1753 quod
1656 1706 1855 1743 indenture
1872 1707 1912 1744 in

450 1779 495 1803 ea
512 1779 552 1804 re
568 1767 736 1804 confecto
751 1771 791 1804 et
808 1767 1036 1804 conficiende
1052 1767 1273 1814 priusquam
1291 1766 1503 1813 sigillentur
1518 1766 1831 1814 supervideantur
1846 1779 1913 1815 per

451 1826 647 1863 dominum
664 1827 1011 1863 vicecancellarium
1028 1826 1229 1873 magistros
1247 1826 1458 1874 Perpoynte
1473 1829 1513 1862 et
1530 1825 1683 1873 Mytche

359 1885 459 1922 Item
487 1885 706 1923 conceditur
732 1886 912 1933 quoniam
946 1885 1073 1922 nullus
1102 1886 1232 1922 existit
1259 1885 1391 1922 doctor
1418 1885 1595 1922 cathedre
1623 1886 1717 1923 iuris
1743 1887 1912 1923 canonici

452 1945 550 1981 infra
588 1944 847 1982 achademiam
886 1945 1034 1993 placeat
1069 1944 1176 1981 vobis
1211 1947 1253 1981 vt
1288 1944 1419 1981 doctor
1451 1945 1596 1992 Tregan
1632 1945 1752 1993 possit
1789 1957 1913 1983 creare

450 2002 647 2039 domiuum
676 2003 836 2050 Hugone
861 2003 1020 2052 Gryffyn
1046 2004 1277 2051 inceptorem
1301 2003 1469 2040 eiusdem
1495 2003 1689 2040 facultatis
1715 2003 1754 2040 in
1780 2004 1912 2041 solem-

451 2062 565 2100 nibus
589 2063 794 2100 commitiis
818 2064 998 2111 proximis

358 2122 456 2159 Item
489 2121 708 2158 conceditur
735 2122 837 2170 quod
866 2122 1029 2170 quedam
1062 2122 1219 2170 pecunie
1251 2134 1401 2159 summa
1433 2122 1472 2159 in
1506 2134 1743 2159 communem
1776 2122 1910 2161 cistam

451 2181 616 2229 reposita
644 2180 721 2217 illic
749 2181 875 2217 iacens
899 2181 984 2217 aliis
1008 2180 1226 2217 achademie
1250 2180 1357 2217 cistis
1381 2179 1509 2216 debita
1534 2180 1694 2217 necdum
1719 2182 1910 2228 persoluta

450 2243 492 2277 vt
517 2240 687 2288 oportuit
715 2240 804 2277 talis
831 2251 982 2276 summa
1010 2252 1032 2276 a
1056 2239 1160 2277 dicta
1187 2239 1377 2276 communi
1410 2239 1506 2275 cista
1539 2239 1726 2276 eximatur
1758 2240 1909 2288 qualem

448 2301 598 2336 statuta
621 2299 852 2347 permittunt
876 2303 915 2336 et
941 2299 1026 2335 aliis
1052 2299 1158 2336 cistis
1185 2298 1323 2335 iudicio
1348 2297 1491 2335 domini
1520 2298 1798 2345 procancellarii
1827 2311 1909 2347 per·

448 2358 620 2396 soluatur

357 2418 454 2455 Item
479 2417 698 2455 conceditur
722 2421 764 2455 vt
789 2418 948 2455 rectoria
973 2421 1099 2455 vestra
1123 2417 1170 2455 de
1195 2417 1356 2455 Burwell
1381 2429 1482 2454 nunc
1506 2417 1685 2464 magistro
1711 2417 1835 2455 Baoon
1860 2418 1908 2456 ad

450 2477 597 2514 firmam
619 2477 778 2515 dimissa
797 2489 819 2515 a
840 2478 913 2515 fine
935 2478 1089 2515 termini
1112 2489 1298 2515 annorum
1321 2477 1442 2514 eidem
1467 2476 1646 2524 magistro
1669 2476 1799 2513 Bakon
1822 2489 1907 2514 con-

448 2548 639 2574 cessorum
660 2537 881 2574 dimittatur
903 2537 950 2574 ad
975 2538 1120 2574 firmam
1142 2538 1322 2585 magistro
1340 2536 1525 2573 Gardiner
1541 2536 1729 2573 similibus
1746 2537 1909 2574 termino

447 2600 487 2633 et
512 2596 624 2633 annis
648 2596 788 2644 quibus
814 2608 990 2634 concessa
1017 2599 1100 2634 erat
1129 2597 1309 2644 magistro
1340 2596 1469 2633 Bakon
1538 2596 1636 2632 Item
1664 2598 1706 2632 vt
1731 2594 1908 2633 dominus

447 2655 773 2693 vicecancellarius
805 2655 977 2693 doctores
1013 2656 1141 2703 Youge
1174 2659 1213 2693 et
1249 2656 1387 2693 Mowse
1421 2654 1590 2702 magistri
1628 2654 1838 2702 Perpoynte
1869 2658 1908 2692 et

451 2714 604 2763 Mytche
637 2726 712 2752 vna
747 2726 832 2752 cum
871 2714 1176 2763 procuratoribus
1217 2713 1383 2751 habeant
1416 2713 1473 2750 vel
1507 2724 1635 2750 eorum
1669 2713 1788 2750 maior
1820 2725 1908 2762 pars

448 2772 586 2811 habeat
614 2778 778 2811 vestram
808 2774 1082 2811 authoritatem
1114 2773 1348 2811 describendi
1383 2772 1604 2810 indenturas
1633 2772 1732 2809 inter
1760 2772 1907 2810 vniuer-

446 2833 600 2870 aitatcm
628 2835 668 2869 et
696 2832 919 2880 magistrum
949 2833 1135 2870 Gardiner
1200 2833 1248 2870 Et
1280 2836 1322 2869 vt
1351 2831 1552 2869 indenture
1580 2831 1634 2868 sic
1663 2842 1729 2879 per
1756 2843 1819 2868 eos
1848 2832 1906 2870 vel

445 2902 574 2929 eorum
600 2890 778 2929 maioma:
804 2896 949 2940 partem
974 2891 1161 2940 descripte
1183 2893 1223 2929 et
1247 2890 1452 2940 approbate
1475 2890 1665 2927 communi
1690 2889 1906 2927 achademie

445 2950 568 2999 sigillo
591 2949 805 2998 sigillentur
