2008 3216
344 149 427 191 140
571 143 577 148 ’
924 160 1076 192 GRAcE
1107 158 1231 192 Boou
1263 161 1292 192 Δ
1673 149 1894 206 [1559-60

434 265 493 301 W.
529 265 657 300 Power
683 265 913 301 Christosero
947 265 1105 311 Smythe
1132 265 1234 311 Step.
1265 265 1344 300 Bell
1370 265 1461 301 Tho.
1489 265 1608 312 Berye
1633 265 1724 301 Tho.
1753 266 1896 301 Rastall

437 324 606 360 Rolando
623 325 769 361 Burrell
790 325 814 361 J
817 337 848 361 0.
872 324 1044 361 Johnson
1067 325 1158 361 Tho.
1185 325 1330 372 Leugar
1351 326 1375 362 J
1378 338 1409 362 o.
1435 326 1619 362 Robertes
1643 327 1741 364 Petr.
1764 327 1895 363 Stock-

436 382 520 418 dale
533 382 589 418 W.
602 382 708 418 Allot
772 385 795 418 9
806 382 1001 418 Februarii
1011 383 1035 419 J
1038 395 1069 419 o.
1087 383 1203 419 Alder
1217 383 1380 419 Roberto
1393 383 1510 419 Hales
1524 384 1696 420 Mattheo
1713 384 1896 420 Matthew

438 442 610 477 Mattheo
643 442 755 478 Trott
787 442 905 479 Anth.
941 442 1085 478 Foorde
1118 443 1241 479 David
1282 443 1416 479 Powell
1449 444 1556 480 Geor.
1596 444 1769 490 Hagarth
1802 443 1894 480 Tho.

438 500 674 548 Wylkynson
698 501 847 537 Adamo
872 501 1014 537 Nelson
1039 502 1063 538 J
1065 513 1141 537 aco.
1167 501 1374 538 Chambers
1398 503 1600 539 Vincentio
1628 503 1756 539 Crofte
1781 503 1896 539 Fran-

438 560 537 595 cisco
569 560 702 596 Nevell
731 560 826 596 Galf.
861 560 1033 596 Johnson
1065 561 1089 597 J
1092 573 1123 597 o.
1159 561 1341 597 Clarkson
1369 562 1461 598 Tho.
1490 562 1608 598 Davis
1640 562 1742 598 Jaco.
1771 562 1896 598 Cooke

438 619 530 655 Tho.
570 619 741 655 Asheton
774 619 831 659 W.
867 619 1065 655 Simondes
1099 619 1294 666 Rodolpho
1330 620 1505 656 Tunstall
1539 620 1634 656 Galf.
1671 621 1793 657 Becke
1850 624 1896 657 23

439 679 632 714 Februarii
664 679 756 714 Rad.
783 679 919 714 Serton
945 679 1003 715 W.
1040 679 1203 715 Pecocke
1235 680 1290 715 ita
1323 681 1365 715 vt
1389 679 1525 716 horum
1549 680 1710 716 duorum
1735 680 1897 716 eruditio

436 737 666 784 approbetur
688 749 756 784 per
780 737 1053 773 examinatores
1078 737 1192 773 huius
1216 738 1306 774 anni

341 796 570 832 Conceditur
594 799 617 832 9
642 795 836 832 Februarii
862 796 886 832 J
888 808 919 832 o.
946 795 1109 832 Andrew
1138 799 1180 831 vt
1207 799 1248 831 11
1276 797 1430 832 termini
1454 809 1541 833 cum
1569 798 1732 834 termino
1756 798 1797 834 in
1821 810 1897 845 quo

436 855 476 890 in
509 854 648 901 quibus
677 855 855 891 lectiones
879 854 1086 890 ordinarias
1118 855 1268 891 audiuit
1295 855 1384 891 licet
1412 868 1487 892 non
1512 857 1665 893 omnino
1689 858 1896 894 secundum

435 914 596 949 formam
619 913 759 950 statuti
784 925 871 949 cum
895 916 965 949 ete.
992 913 1183 949 sufficiant
1207 914 1241 949 ei
1266 913 1314 949 ad
1338 914 1642 961 respondendum
1666 916 1857 962 questioni

342 972 570 1008 Conceditur
591 971 721 1008 eodem
745 971 923 1019 Cipriano
945 972 1083 1008 Valera
1105 972 1265 1019 hispano
1287 976 1378 1009 nato
1401 977 1439 1009 et
1462 973 1620 1010 educato
1642 974 1683 1010 in
1705 974 1898 1010 academia

437 1031 655 1078 Hispalensi
674 1030 736 1066 vbi
753 1043 820 1078 per
836 1043 900 1067 sex
917 1043 1036 1067 annos
1052 1031 1260 1068 dialecticis
1272 1035 1311 1068 et
1323 1032 1592 1080 philosophicis
1609 1033 1729 1069 literis
1746 1045 1898 1081 operam

436 1091 542 1127 dedit
573 1091 736 1138 peractis
762 1091 921 1136 singulis
954 1091 994 1126 in
1027 1091 1156 1127 eadem
1191 1091 1383 1127 academia
1410 1103 1484 1139 que
1510 1092 1559 1128 ad
1587 1091 1899 1129 bachalaureatus

435 1151 594 1198 gradum
610 1153 785 1197 spectant
802 1152 845 1186 vt
864 1149 985 1197 possit
1006 1150 1068 1185 hic
1090 1150 1257 1197 cooptari
1281 1151 1322 1186 in
1341 1163 1543 1187 numerum
1566 1151 1898 1188 bachalaureorum

435 1210 475 1246 in
501 1209 648 1246 artibus
673 1210 728 1245 sic
757 1212 800 1245 vt
827 1221 894 1256 per
925 1209 1200 1245 examinatores
1226 1210 1341 1246 huius
1371 1211 1462 1246 anni
1493 1211 1575 1247 eius
1601 1211 1764 1247 eruditio
1791 1211 1898 1258 prius

436 1268 666 1316 approbetur
688 1271 728 1305 et
752 1272 795 1304 vt
819 1260 897 1304 stet
918 1271 960 1304 et
982 1268 1210 1304 determinet
1235 1280 1322 1304 cum
1346 1269 1501 1316 reliquis
1525 1270 1788 1317 questionistis

341 1329 570 1366 Conceditur
585 1328 716 1365 eodem
733 1328 757 1364 J
760 1340 791 1366 o.
813 1327 1018 1364 Richardes
1042 1331 1083 1364 vt
1102 1331 1147 1364 10
1163 1328 1317 1364 termini
1334 1329 1374 1364 in
1396 1329 1535 1376 quibus
1558 1333 1627 1367 etc.
1652 1330 1843 1367 sufficiant
1862 1331 1898 1367 ei

435 1388 484 1424 ad
500 1387 802 1435 respondendum
818 1387 1006 1434 questioni

342 1447 569 1485 Conceditur
597 1450 644 1483 23
671 1446 866 1483 Februarii
896 1446 1054 1493 Rogerio
1082 1446 1215 1483 Foster
1242 1447 1310 1494 qui
1337 1447 1407 1483 hoc
1436 1459 1535 1484 anno
1564 1448 1774 1485 collectoris
1798 1449 1898 1486 inter

436 1507 625 1555 sophistas
649 1517 804 1542 munere
828 1509 887 1542 est
908 1506 1131 1553 perfunctus
1155 1509 1198 1542 vt
1222 1508 1306 1542 octo
1332 1506 1485 1542 termini
1507 1507 1547 1542 in
1564 1506 1703 1554 quibus
1729 1510 1798 1544 etc.
1822 1508 1897 1545 suf-

438 1566 568 1602 ficiant
583 1566 618 1602 ei
634 1565 683 1602 ad
699 1565 1002 1613 respondendum
1024 1564 1214 1612 questioni
1233 1565 1415 1612 quoniam
1431 1565 1576 1603 diutius
1598 1570 1795 1614 expectare
1816 1568 1898 1604 sine

439 1637 574 1673 magno
590 1637 659 1661 suo
674 1624 903 1661 detrimento
920 1636 995 1660 non
1011 1625 1133 1672 possit

181 1747 208 1786 f.
233 1748 282 1787 57
304 1762 328 1786 a
345 1746 571 1784 Conceditur
590 1749 634 1782 15
653 1746 782 1782 Martii
799 1746 992 1793 Stephano
1009 1746 1199 1794 Valynger
1215 1749 1259 1782 vt
1278 1749 1321 1782 12
1338 1746 1491 1782 termini
1509 1747 1548 1782 in
1565 1746 1704 1794 quibus
1721 1747 1899 1785 lectiones

439 1806 648 1843 ordinarias
671 1805 820 1841 audiuit
844 1805 932 1841 licet
957 1817 1032 1840 non
1057 1805 1211 1841 omnino
1236 1804 1442 1841 secundum
1468 1805 1628 1842 formam
1651 1807 1788 1842 statuti
1811 1819 1897 1843 cum

439 1864 739 1914 oppositionibus
772 1864 1077 1912 responsionibus
1113 1867 1152 1901 et
1184 1864 1269 1900 aliis
1300 1864 1487 1900 exercitiis
1520 1876 1587 1912 per
1619 1866 1720 1911 regia
1752 1868 1899 1903 statuta

439 1924 631 1972 requisitis
647 1923 837 1960 sufficiant
853 1923 886 1959 ei
904 1922 952 1959 ad
970 1922 1271 1970 respondendum
1288 1923 1478 1970 questioni
1491 1926 1530 1959 et
1547 1923 1708 1960 finaliter
1723 1924 1897 1961 determi-

441 1984 608 2020 nandum
641 1995 727 2019 cum
761 1982 895 2019 ceteris
928 1982 1190 2029 questionistis
1223 1982 1336 2018 huius
1368 1982 1458 2018 anni
1491 1983 1545 2018 sic
1578 1985 1704 2020 tamen
1739 1987 1780 2020 vt
1819 1985 1900 2021 eius

440 2043 602 2080 eruditio
619 2043 724 2090 prius
740 2042 976 2078 examinetur
992 2043 1031 2076 et
1053 2040 1282 2087 approbetur
1298 2053 1365 2088 per
1385 2041 1658 2079 examinatores
1680 2043 1792 2079 huius
1808 2044 1898 2080 anni

440 2106 480 2140 et
495 2106 573 2139 stet
595 2102 782 2149 reliquum
805 2100 1089 2148 quadragesime
1111 2112 1197 2137 cum
1215 2101 1349 2137 ceteris
1370 2101 1632 2147 questionistis
1649 2103 1738 2150 quia
1754 2103 1898 2140 diutius

441 2163 636 2209 expectare
652 2161 734 2196 sino
750 2172 818 2196 suo
835 2171 971 2207 magno
986 2159 1215 2195 detrimento
1232 2171 1306 2195 non
1324 2160 1445 2207 possit

348 2222 490 2260 Eadem
506 2220 629 2268 gratia
644 2219 775 2257 eodem
791 2218 1010 2256 conceditur
1026 2218 1084 2255 W.
1105 2218 1273 2255 Halocke

349 2281 669 2319 Determinatores
692 2279 836 2327 collegii
862 2278 1011 2326 Regalis
1035 2278 1106 2315 hac
1128 2277 1414 2325 quadragesima
1436 2278 1575 2325 quibus
1597 2279 1701 2315 nulla
1723 2291 1896 2317 concessa

442 2351 563 2387 neque
580 2339 700 2387 petita
716 2342 775 2375 est
796 2338 919 2386 gratia
940 2340 1032 2375 sunt
1056 2338 1234 2385 Rogerius
1251 2338 1377 2375 Goode
1400 2338 1491 2374 Tho.
1512 2338 1680 2375 Hatcher
1695 2339 1717 2375 J
1722 2351 1753 2378 0.
1773 2340 1896 2377 Cooke

442 2404 481 2437 et
499 2399 576 2436 Ric.
596 2397 848 2445 Bridgewater
