2002 3236
330 180 385 220 18
909 186 1062 219 emon
1092 186 1216 218 Boon
1247 186 1277 217 Δ
1654 173 1878 229 [1543-44

1003 468 1213 511 Doctores

332 599 380 635 In
393 598 527 647 primis
537 598 754 635 conceditur
765 598 946 645 magistro
956 598 1070 635 Skete
1080 602 1123 635 vt
1135 598 1306 636 studium
1319 599 1437 636 trium
1449 611 1633 636 annorum
1646 600 1685 636 in
1698 599 1884 645 theologia

426 661 513 705 post
529 658 610 694 eius
629 658 828 694 introitum
850 658 890 694 in
911 658 1028 697 libros
1049 659 1322 695 sententiarum
1338 670 1413 695 vna
1431 670 1518 695 cum
1537 658 1684 695 duobus
1704 657 1882 694 sermoni-

429 717 500 753 bus
512 729 586 753 vno
601 716 650 753 ad
667 717 807 753 clerum
824 718 1094 754 examinatorio
1111 722 1200 754 ante
1216 718 1296 754 eius
1312 717 1577 754 admissionem
1593 718 1750 754 dicendo
1766 717 1884 753 altero

428 776 476 813 ad
491 788 641 813 crucem
659 776 765 812 Pauli
781 776 946 812 sufficiat
961 777 995 812 ei
1012 776 1060 813 ad
1077 777 1331 824 incipiendum
1348 777 1387 813 in
1404 789 1509 813 sacra
1525 777 1711 824 theologia

336 835 435 871 Item
457 834 676 871 conceditur
697 834 878 881 magistro
901 834 1016 870 Seton
1038 838 1081 870 vt
1100 834 1271 871 studium
1293 835 1411 871 trium
1430 846 1615 871 annorum
1638 835 1677 871 in
1699 833 1886 880 theologia

428 898 516 941 post
536 894 617 930 eius
640 894 842 930 introitum
864 894 905 930 in
929 893 1044 930 libros
1074 894 1349 931 sententiarum
1370 906 1458 930 cum
1479 894 1626 931 duobus
1650 892 1886 930 sermonibus

431 965 505 989 vno
520 953 569 990 ad
591 953 732 989 clerum
755 953 1025 989 examinatorio
1041 957 1129 990 ante
1145 954 1226 990 eius
1247 953 1512 990 admissionem
1532 953 1650 989 altero
1670 952 1718 989 ad
1736 963 1885 988 crucem

432 1013 539 1049 Pauli
555 1013 717 1049 sufficiat
733 1013 767 1048 ei
784 1012 834 1049 ad
849 1013 1105 1060 incipiendum
1122 1013 1162 1049 in
1178 1025 1284 1049 sacra
1299 1013 1486 1060 theologia

338 1072 437 1108 Item
453 1071 671 1109 conceditur
686 1070 808 1107 eidem
824 1074 868 1107 vt
890 1083 1014 1108 sermo
1030 1083 1143 1119 quem
1160 1071 1296 1108 habuit
1311 1084 1434 1108 coram
1454 1071 1560 1108 vobis
1577 1071 1756 1118 magister
1772 1070 1886 1106 Seton

430 1130 576 1166 ratione
601 1129 739 1176 gradus
767 1129 1101 1166 bacchalaureatus
1129 1130 1170 1166 in
1197 1130 1384 1176 theologia
1416 1132 1493 1166 stet
1521 1141 1589 1176 pro
1617 1140 1787 1166 sermone
1819 1140 1888 1164 suo

430 1186 702 1223 examinatorio
733 1186 787 1222 sic
819 1186 920 1234 quod
952 1187 1068 1223 faciat
1099 1187 1260 1223 alterum
1293 1198 1502 1222 sermonem
1542 1198 1666 1222 coram
1695 1185 1802 1222 vobis
1833 1185 1888 1221 di-

431 1245 592 1282 cendum
613 1245 662 1282 ad
683 1244 825 1281 clerum
848 1244 946 1281 citra
966 1245 1106 1281 festum
1130 1244 1271 1280 Pasche
1293 1244 1505 1292 proximum
1532 1244 1712 1291 quoniam
1736 1246 1890 1291 propter

432 1316 586 1351 grauem
611 1304 872 1340 infirmitatem
897 1303 1058 1340 eundem
1082 1307 1172 1340 ante
1196 1303 1391 1339 commitia
1418 1303 1587 1350 proxima
1614 1303 1790 1350 perficere
1814 1314 1890 1338 non

433 1366 560 1411 potest
607 1375 651 1399 ac
677 1363 793 1400 etiam
823 1363 1000 1399 conviuet
1025 1375 1112 1399 cum
1137 1363 1198 1399 his
1221 1363 1288 1409 qui
1310 1366 1402 1399 sunt
1425 1363 1539 1399 huius
1567 1362 1658 1399 anni
1687 1362 1889 1409 omniaque

433 1426 588 1471 peragat
611 1435 685 1470 que
716 1422 764 1459 ad
793 1422 952 1470 gradum
976 1422 1195 1459 doctoratus
1218 1425 1394 1470 spectant
1417 1425 1457 1459 et
1481 1425 1524 1458 vt
1546 1434 1634 1459 cum
1658 1422 1804 1459 venerit
1826 1421 1890 1458 ad-

433 1482 611 1518 mittatur
634 1494 702 1530 pro
726 1482 912 1530 completo
935 1481 1054 1529 gradu
1078 1482 1110 1518 si
1135 1485 1225 1519 ante
1249 1482 1443 1518 commitia
1467 1493 1543 1518 non
1567 1481 1799 1518 convaluerit

212 1596 239 1638 ὶ.
262 1599 286 1636 8
299 1613 324 1638 a
343 1599 440 1635 Item
463 1598 680 1635 conceditur
704 1599 884 1646 magistro
907 1599 1007 1646 Glyn
1031 1602 1074 1635 vt
1098 1598 1268 1635 studium
1291 1598 1408 1635 trium
1430 1610 1617 1635 annorum
1642 1597 1682 1634 in
1707 1597 1894 1644 theologia

436 1660 522 1704 post
543 1658 624 1693 eius
647 1657 846 1694 introitum
866 1657 906 1694 in
926 1656 1043 1694 libros
1064 1657 1339 1694 sententiarum
1362 1668 1436 1693 vna
1458 1669 1544 1693 cum
1561 1656 1708 1692 duabus
1724 1655 1893 1702 disputa-

435 1716 603 1753 tionibus
636 1716 822 1753 habendis
853 1717 1023 1764 proximo
1054 1728 1155 1753 anno
1186 1718 1312 1764 preter
1343 1716 1448 1752 illam
1479 1715 1529 1752 ad
1557 1727 1671 1763 quam
1704 1714 1895 1751 tenebitur

435 1776 580 1813 ratione
601 1776 739 1824 gradus
762 1776 972 1824 sucipiendi
995 1776 1159 1812 sufficiat
1188 1776 1222 1812 ei
1245 1775 1293 1812 ad
1316 1774 1572 1822 incipiendum
1598 1774 1636 1810 in
1661 1785 1767 1810 sacra
1791 1773 1893 1810 theo-

436 1835 534 1882 logia

344 1895 442 1931 Item
459 1894 676 1931 conceditur
692 1894 880 1931 Gulielmo
897 1894 1053 1931 Oartero
1070 1897 1112 1930 vt
1129 1893 1299 1930 studium
1316 1893 1432 1929 trium
1449 1904 1635 1928 annorum
1652 1891 1691 1928 in
1712 1891 1897 1938 theologia

438 1957 523 2000 post
544 1953 626 1990 eius
648 1953 848 1989 introitum
870 1953 910 1988 in
935 1952 1050 1988 libros
1069 1951 1345 1988 sententiarum
1375 1962 1462 1987 cum
1486 1949 1635 1986 duobus
1659 1949 1896 1986 sermonibus

438 2024 512 2048 vno
527 2012 577 2048 ad
598 2012 741 2048 clerum
757 2012 1028 2048 examinatorio
1044 2013 1134 2047 aute
1150 2011 1231 2047 eius
1252 2009 1518 2047 admissionem
1540 2009 1658 2045 altero
1679 2008 1726 2045 ad
1749 2020 1895 2045 crucem

441 2071 547 2107 Pauli
563 2071 726 2107 sufficiat
741 2071 777 2107 ei
793 2070 842 2107 ad
859 2070 1115 2118 incipiendum
1134 2070 1173 2106 in
1190 2081 1297 2106 sacra
1312 2068 1499 2116 theologia

347 2130 446 2167 Item
470 2129 688 2166 conceditur
711 2132 754 2165 vt
778 2129 904 2165 contio
930 2140 997 2175 per
1021 2127 1127 2164 illum
1153 2128 1227 2164 iam
1256 2127 1387 2164 habita
1413 2127 1532 2175 possit
1560 2126 1676 2163 etiam
1702 2129 1804 2162 stare
1830 2137 1898 2173 pro

440 2188 614 2224 contione
631 2187 696 2224 illa
711 2186 760 2223 ad
776 2198 891 2235 quam
908 2189 1061 2223 tenetur
1076 2186 1222 2223 ratione
1237 2185 1375 2233 gradus
1391 2183 1722 2222 bacchalaureatus
1738 2184 1777 2221 in
1795 2184 1898 2221 theo-

441 2246 539 2293 logia
555 2246 660 2293 prius
675 2245 842 2293 suscepti
858 2248 898 2282 et
915 2256 989 2281 non
1007 2245 1059 2281 sit
1076 2243 1325 2292 preiudicium
1344 2242 1498 2280 bedellis

960 2561 1013 2605 In
1044 2560 1138 2604 iure
1169 2559 1290 2604 ciuili

351 2691 394 2728 ln
421 2691 554 2740 primis
575 2690 793 2728 conceditur
811 2690 949 2728 Joanui
971 2690 1107 2729 Clarkc
1130 2693 1172 2726 vt
1195 2689 1363 2727 studium
1386 2692 1530 2737 septem
1551 2699 1734 2725 annorum
1758 2688 1796 2724 in
1820 2688 1900 2724 iure

442 2750 542 2787 ciuili
565 2755 649 2798 post
661 2749 819 2798 gradum
838 2749 1169 2787 bacchalaureatus
1186 2753 1404 2797 &inceptum
1423 2748 1460 2786 in
1478 2746 1608 2787 eadem
1627 2746 1807 2785 facultate
1823 2747 1897 2783 suf-

443 2809 543 2846 ficiat
559 2808 630 2845 sibi
648 2808 696 2846 ad
715 2807 968 2857 incipiendum
987 2808 1026 2846 in
1043 2806 1173 2846 eodem
1192 2808 1272 2845 iure
