2008 3294
348 159 435 201 440
931 165 1084 197 emon
1115 164 1240 196 Boon
1272 164 1302 195 Δ
1677 151 1900 207 [1588-89

442 274 485 307 vt
507 271 687 318 magister
701 269 853 316 Wright
875 269 951 306 Tri.
975 268 1156 315 magister
1178 268 1363 303 Furnesse
1385 267 1443 303 J0.
1467 269 1507 303 et
1528 266 1638 302 Astle
1660 266 1801 312 Regine
1822 265 1902 301 sint

442 330 633 366 auditoroe
649 330 743 365 ciste
761 328 986 374 Darlington
1003 330 1042 363 et
1059 328 1197 363 Exeter
1250 327 1352 363 Item
1365 330 1408 363 vt
1424 326 1594 372 magistri
1611 325 1807 372 Chapman
1823 324 1899 360 Tri.

442 390 632 426 Atherton
650 388 790 434 Regine
807 390 847 423 et
864 386 984 422 Forde
1001 386 1077 422 Tri.
1096 386 1174 422 sint
1191 385 1382 422 auditores
1398 385 1491 421 ciste
1507 386 1582 422 Tri.

348 448 575 485 Conceditur
593 451 637 484 13
654 447 678 483 J
680 447 827 483 anuarii
887 446 984 482 Cum
1002 449 1088 492 post
1104 447 1266 481 mortem
1289 445 1433 480 Thome
1455 444 1590 480 Folkes
1609 455 1730 491 nuper
1745 442 1901 479 firmarii

442 508 598 544 rectorie
611 510 735 543 vestre
751 506 798 542 de
815 506 976 542 Burwell
993 505 1187 541 contentio
1203 504 1330 551 aliqua
1346 516 1413 540 seu
1425 503 1583 540 dubium
1596 503 1786 550 quoddam
1801 503 1902 539 inter

442 567 674 603 academiam
699 569 739 602 et
763 565 787 601 J
789 565 976 601 ohannem
1003 564 1152 610 Grange
1177 564 1252 610 (ius
1276 567 1315 599 et
1339 564 1521 599 interesse
1545 563 1638 599 dicti
1667 563 1802 599 Folkes
1827 561 1901 598 cla-

442 627 627 672 mantem)
655 626 703 662 de
731 628 771 661 et
802 636 917 672 super
947 624 1106 660 rectorie
1134 627 1259 660 vestre
1286 624 1408 660 locate
1436 622 1716 659 conditionibus
1743 622 1903 669 contigit

444 685 572 721 Placet
596 684 704 720 vobis
728 688 772 720 vt
795 680 968 731 magistri
994 684 1044 719 D¹'
1069 683 1168 730 Legg
1191 686 1231 719 et
1256 682 1358 719 Edw.
1377 682 1479 719 Elles
1503 682 1740 729 negociorum
1761 683 1902 717 vestro-

442 755 527 779 rum
550 743 772 779 sollicitator
787 745 913 779 vestro
930 743 1085 779 nomine
1101 741 1248 790 syndici
1271 742 1519 778 commissarii
1541 742 1701 778 factores
1717 743 1756 777 et
1775 740 1902 776 nuntii

442 801 623 848 speciales
652 801 886 848 deputentur
915 802 1018 847 (cum
1042 800 1154 847 plena
1181 799 1365 835 facultate
1393 799 1567 836 tradendi
1595 799 1780 846 scriptum
1808 798 1900 834 obli-

442 861 628 907 gatorium
659 864 827 896 vestrum
856 863 896 896 et
924 859 1100 896 similiter
1132 859 1337 906 recipiendi
1367 859 1563 895 consimile
1596 859 1780 906 scriptum
1808 858 1902 894 dicti

442 919 629 955 Johannis
659 919 822 966 Grange)
852 919 900 955 ad
932 917 1164 954 audiendum
1196 917 1483 964 intelligendum
1515 921 1555 954 et
1585 917 1751 954 finaliter
1781 917 1902 953 deter-

443 977 667 1014 minandum
685 989 772 1014 cum
790 977 944 1013 domino
960 976 1112 1012 doctore
1132 976 1263 1022 Bynge
1278 978 1318 1012 et
1333 977 1514 1023 magistro
1534 976 1732 1013 Francisco
1748 976 1902 1023 Brakyn

442 1037 596 1073 arbitris
618 1037 659 1072 in
681 1037 751 1073 hac
774 1048 888 1072 causa
910 1048 977 1083 per
996 1036 1141 1072 dictum
1157 1035 1181 1071 J
1184 1036 1371 1071 ohannem
1389 1036 1536 1083 Grange
1554 1036 1758 1072 nominatis
1775 1035 1902 1071 omnia

441 1099 481 1132 et
508 1096 655 1142 singula
683 1108 757 1143 que
786 1095 833 1132 ad
863 1095 1006 1132 dictam
1035 1095 1329 1131 controversiam
1363 1098 1539 1142 spectant
1597 1095 1648 1131 Et
1677 1095 1831 1142 insuper
1858 1097 1902 1130 vt

442 1155 634 1191 academia
661 1167 728 1203 per
760 1156 944 1202 scriptum
973 1166 1086 1190 suum
1114 1154 1380 1200 obligatorium
1407 1154 1528 1201 sigillo
1558 1157 1683 1190 vestro
1711 1153 1901 1190 communi

441 1216 633 1252 munitum
655 1215 843 1262 obligetur
864 1216 904 1251 in
925 1226 1074 1251 summa
1093 1214 1385 1261 quingentarum
1401 1214 1583 1250 librarum
1600 1218 1750 1250 monete
1766 1214 1903 1260 Anglie

441 1274 544 1310 dicto
566 1274 715 1321 Grange
742 1274 788 1310 ad
815 1273 1064 1321 prestandum
1091 1273 1219 1309 omnia
1241 1276 1281 1309 et
1303 1273 1451 1320 singula
1473 1285 1540 1320 per
1562 1276 1705 1309 vestros
1726 1271 1902 1320 syndicos

441 1335 521 1371 sive
537 1335 815 1371 commissarios
832 1333 972 1381 (quoad
989 1333 1088 1369 hanc
1109 1333 1405 1369 controversiam
1430 1345 1497 1380 per
1522 1333 1628 1368 litem
1656 1333 1815 1378 motam)
1839 1332 1902 1369 de-

441 1397 544 1430 creta
566 1397 606 1430 et
627 1393 795 1429 iudicata
816 1393 870 1429 sic
886 1395 929 1428 vt
951 1391 1153 1428 arbitrium
1177 1392 1366 1427 sententia
1382 1394 1421 1427 et
1438 1391 1562 1427 finalis
1578 1391 1845 1428 determinaeio
1862 1391 1902 1427 in

443 1454 596 1501 scriptis
616 1453 826 1490 indentatis
848 1456 1029 1500 concepta
1048 1452 1262 1499 subscripta
1282 1455 1321 1487 et
1338 1452 1471 1498 sigillis
1491 1452 1722 1499 prefatorum
1740 1454 1904 1499 quatuor

442 1512 670 1549 arbitrorum
696 1513 775 1548 sive
800 1511 1069 1548 arbitratorum
1096 1511 1293 1558 signentur
1316 1513 1356 1546 et
1381 1510 1500 1546 altera
1527 1521 1616 1557 pars
1644 1510 1796 1546 domino
1820 1522 1903 1557 pro—
1972 1549 1975 1552 ,

444 1571 665 1607 cancellario
690 1575 758 1607 aut
782 1571 865 1607 eius
889 1570 1072 1618 deputato
1098 1569 1272 1606 tradetur
1300 1570 1396 1605 citra
1424 1569 1564 1605 festum
1594 1569 1708 1605 Pasce
1736 1570 1903 1617 proxime

445 1642 605 1677 sequens
663 1642 707 1666 ea
733 1633 861 1666 tamen
891 1629 1105 1666 conditione
1131 1633 1174 1665 vt
1201 1628 1326 1665 dictus
1354 1628 1378 1664 J
1381 1640 1412 1664 0.
1441 1628 1589 1676 Grange
1614 1628 1663 1665 ad
1691 1629 1903 1665 consimiles

445 1690 678 1726 conditiones
702 1689 810 1726 vobis
834 1701 901 1736 per
924 1689 1048 1725 omnia
1075 1688 1298 1736 prestandas
1321 1688 1480 1724 firmiter
1504 1687 1689 1735 obligetur

350 1749 578 1785 Conceditur
610 1751 656 1784 28
689 1748 862 1785 Januarii
896 1752 938 1784 vt
970 1748 1079 1784 litere
1115 1750 1312 1783 atturnate
1349 1746 1459 1783 modo
1495 1747 1590 1783 lecte
1622 1747 1744 1794 sigillo
1776 1750 1902 1784 vestro

445 1809 635 1845 communi
660 1809 873 1856 sigillentur
1063 1856 1066 1859 .

350 1867 578 1904 Conceditur
604 1871 648 1903 15
675 1867 804 1903 Martii
865 1867 961 1903 Cum
985 1866 1198 1903 Willelmus
1223 1867 1379 1914 Dennys
1402 1866 1572 1913 legitima
1595 1866 1822 1903 auctoritate
1847 1867 1902 1903 in-

446 1927 591 1963 hibitus
624 1927 768 1963 vltimis
801 1927 938 1963 vestris
978 1926 1124 1973 magnis
1163 1926 1327 1962 comitiis
1360 1925 1477 1961 creari
1511 1936 1586 1961 non
1620 1926 1747 1972 potuit
1779 1925 1902 1973 placet

445 1986 552 2023 vobis
573 1990 616 2022 vt
637 1987 719 2023 eius
741 1986 880 2023 creatio
904 1988 944 2022 et
966 1985 1204 2032 inauguratio
1229 1985 1268 2021 in
1294 1984 1364 2020 hoc
1390 1987 1525 2020 senatu
1551 1986 1627 2020 stet
1652 1984 1685 2020 ei
1711 1995 1778 2032 pro
1802 1996 1902 2020 com-

444 2045 556 2093 pletis
578 2045 696 2093 gradu
718 2049 757 2082 et
782 2046 902 2082 forma

351 2105 579 2142 Conceditur
593 2109 636 2142 15
652 2105 782 2142 Martii
832 2105 927 2142 Cum
942 2107 1096 2152 propter
1112 2103 1333 2151 gravissima
1345 2102 1508 2150 quedam
1522 2103 1673 2150 negocia
1685 2103 1904 2141 Anthonius

447 2164 549 2200 Maxi
576 2164 721 2211 magnis
745 2164 910 2200 comitiis
935 2164 1116 2199 interesse
1141 2174 1215 2198 non
1241 2161 1368 2209 potuit
1393 2162 1431 2197 in
1457 2173 1557 2197 anno
1584 2173 1651 2198 sue
1680 2162 1904 2210 inceptionis

445 2234 562 2270 eaque
597 2222 743 2259 ratione
775 2223 857 2259 eius
889 2222 1031 2259 creatio
1064 2225 1104 2258 et
1138 2221 1376 2268 inauguratio
1408 2220 1531 2257 adhuc
1563 2220 1826 2258 desiderantur
1856 2223 1904 2260 ad

445 2281 673 2329 completam
713 2281 874 2317 formam
914 2284 954 2317 et
992 2282 1120 2317 actum
1153 2279 1360 2326 magisterii
1393 2279 1432 2315 in
1466 2278 1612 2315 artibus
1644 2279 1766 2327 placet
1798 2280 1905 2318 vobis

446 2345 488 2376 vt
518 2343 645 2376 vestra
674 2339 772 2376 bona
801 2352 887 2376 cum
917 2340 1027 2377 venia
1056 2340 1137 2376 eius
1166 2339 1305 2376 creatio
1338 2339 1375 2375 iu
1406 2338 1476 2375 hoc
1505 2342 1641 2375 senatu
1669 2342 1747 2376 stet
1773 2340 1807 2376 ei
1836 2351 1905 2388 pro

446 2398 644 2446 completis
667 2399 788 2446 gradu
812 2401 851 2435 et
875 2399 995 2435 forma

352 2457 579 2494 Conceditur
611 2460 653 2494 21
691 2458 820 2494 Martii
880 2458 1078 2506 Supplicat
1111 2457 1247 2494 vestris
1280 2457 1503 2493 reuerentiis
1537 2457 1732 2494 Mattheus
1765 2457 1904 2506 Stokys

447 2516 684 2563 registi-arius
721 2519 761 2553 et
798 2516 921 2553 scriba
954 2515 1214 2552 vniuersitatis
1247 2515 1328 2562 (qui
1368 2526 1434 2562 per
1466 2514 1615 2551 crebras
1647 2515 1706 2552 sui
1739 2517 1904 2564 corporis

448 2575 688 2612 infirmitates
717 2576 771 2613 illi
802 2576 948 2613 muneri
978 2575 1026 2612 ad
1056 2575 1209 2623 plenum
1239 2574 1442 2623 prestando
1470 2587 1558 2623 sepe
1586 2575 1716 2612 deesse
1744 2576 1904 2623 cogitur)

448 2640 488 2671 vt
515 2639 638 2672 vestra
665 2634 762 2672 bona
787 2647 873 2671 cum
900 2635 1010 2671 venia
1036 2639 1075 2671 et
1101 2634 1328 2670 auctoritate
1355 2634 1409 2670 illi
1437 2633 1547 2670 liceat
1572 2645 1641 2670 suo
1665 2634 1745 2671 loco
1770 2635 1903 2682 magis-

447 2699 548 2731 trun·
572 2695 756 2731 Thomam
775 2695 911 2743 Smyth
935 2707 1051 2732 vnum
1075 2694 1304 2731 bedelloruni
1328 2693 1558 2731 substituere
1580 2693 1697 2731 donec
1720 2693 1905 2731 Dominus

447 2755 480 2791 ei
507 2754 706 2802 pristinam
731 2755 934 2792 sanitatem
961 2755 1159 2792 restituere
1183 2753 1360 2801 dignetur
