2008 3216
187 160 406 215 1562-63]
762 165 914 198 omen
945 163 1070 195 BOOK
1100 163 1130 193 Δ
1158 212 1169 220 ν
1648 143 1729 188 167

278 275 321 309 vt
346 272 386 308 in
412 270 592 319 proximis
618 267 782 305 comitiis
807 265 1032 314 respondeat
1057 267 1097 300 et
1122 263 1293 310 disputet
1316 263 1356 297 et
1380 259 1601 296 convivetur
1622 257 1733 304 juxta

278 342 420 367 morem
443 327 631 366 academie
652 327 745 363 alias
767 326 836 362 hec
857 325 980 372 gratia
1001 323 1054 359 sit
1074 323 1182 358 irrita
1198 324 1238 357 et
1254 320 1358 357 nulla
1407 319 1650 354 Presentatus
1667 328 1734 363 per

277 389 467 426 doctorem
493 387 609 435 Fryer
633 385 716 433 viij0
739 385 834 422 Julii
860 383 1019 431 (peregit
1045 381 1208 429 quedam
1234 383 1274 416 et
1298 391 1366 427 pro
1390 377 1545 424 reliquis
1569 376 1731 423 dispens.

277 448 411 496 mara.)

654 573 964 618 Bacchalaurei
995 573 1041 615 in
1071 570 1293 629 theologia

182 681 409 718 Conceditur
430 681 467 717 ix
483 680 507 717 J
510 680 576 717 ulii
597 681 688 716 1562
705 678 762 715 J0.
783 677 935 714 Walker
953 679 994 712 vt
1016 674 1187 712 studium
1210 673 1340 710 decem
1362 684 1548 709 annorum
1571 672 1610 708 in
1631 671 1734 708 theo-

279 741 377 787 logia
402 742 489 787 post
514 738 672 786 gradum
700 736 938 773 bachalaurei
969 735 1008 770 in
1037 734 1183 770 artibus
1211 733 1272 769 hic
1298 732 1399 780 apud
1425 744 1492 768 vos
1517 734 1736 778 susceptum

280 810 366 835 cum
388 796 687 846 oppositionibus
709 793 1016 843 responsionibus
1038 791 1274 829 sermonibus
1297 795 1336 828 et
1358 791 1442 827 aliis
1461 791 1649 827 exercitiis
1670 801 1738 838 per

282 857 383 904 regia
411 859 560 893 statuta
588 855 783 903 requisitis
812 853 975 890 sufficiat
1003 852 1037 888 ei
1066 855 1147 887 tam
1175 851 1223 887 ad
1252 850 1516 898 opponendum
1545 861 1660 896 quam
1689 849 1737 885 ad

281 915 501 952 intrandum
526 915 565 950 in
591 925 698 950 sacra
722 912 909 958 theologia

188 973 414 1011 Conceditur
438 974 473 1021 xj
503 973 590 1009 Dec.
618 972 798 1019 magistro
822 971 845 1007 J
849 983 880 1007 o.
905 969 1058 1006 Walker
1081 969 1141 1005 cui
1166 980 1286 1015 nuper
1307 979 1330 1003 a
1351 967 1458 1003 vobis
1481 979 1656 1003 concessa
1679 970 1738 1003 est

281 1034 403 1081 gratia
426 1033 474 1070 ad
499 1032 721 1070 intrandum
746 1031 785 1067 in
810 1041 917 1066 sacra
938 1029 1125 1075 theologia
1147 1031 1190 1064 vt
1214 1028 1334 1075 possit
1356 1031 1482 1063 vestra
1506 1027 1739 1064 authoritate

282 1094 504 1142 respondere
515 1096 554 1129 et
564 1093 728 1140 reliquos
738 1094 846 1127 actus
857 1089 1100 1126 scholasticos
1110 1099 1284 1136 peragere
1295 1088 1334 1124 in
1347 1086 1481 1124 habitu
1492 1099 1567 1123 non
1577 1088 1739 1134 regentis

281 1155 321 1188 et
337 1152 388 1188 sit
404 1151 451 1188 de
467 1152 608 1198 gremio
623 1154 663 1187 et
679 1150 802 1186 solvat
819 1147 1058 1184 vniuersitati
1076 1147 1112 1183 xl
1123 1159 1142 1182 s
1159 1147 1301 1193 (omnia
1317 1146 1459 1192 peregit
1476 1147 1608 1194 mary.)

189 1211 416 1247 Conceditur
431 1211 528 1258 xiiij⁰
545 1210 637 1246 Maii
651 1213 693 1246 vt
709 1208 964 1256 oppositiones
978 1207 1017 1243 in
1030 1206 1218 1252 theologia
1229 1205 1277 1241 ad
1290 1217 1385 1252 quas
1398 1210 1549 1242 tenetur
1561 1206 1740 1253 magister
1758 1202 1783 1240 f.
1806 1201 1858 1242 70
1874 1201 1900 1238 b

283 1270 306 1306 J
309 1282 341 1308 0.
360 1270 511 1307 Walker
530 1269 678 1317 possint
699 1268 838 1305 mutari
859 1268 898 1303 in
915 1267 1010 1303 duos
1027 1276 1217 1302 sermones
1233 1264 1281 1300 ad
1298 1264 1479 1311 populum
1496 1265 1740 1312 perficiendos

283 1329 323 1365 in
349 1329 491 1376 templo
518 1327 707 1364 academie
733 1327 831 1363 circa
859 1326 1014 1362 comitia
1039 1325 1210 1372 proxima
1237 1328 1276 1359 et
1304 1324 1415 1360 serias
1444 1324 1740 1371 Sturbrigienses

283 1387 355 1424 sub
379 1399 477 1434 pena
501 1388 568 1423 xls
592 1385 766 1434 ponenda
790 1385 830 1421 in
854 1383 1031 1420 manibus
1055 1385 1337 1430 procuratorum
1365 1383 1523 1430 (peregit
1547 1385 1680 1432 mary.)

191 1446 417 1483 Conceditur
439 1449 485 1482 22
509 1445 638 1482 Martii
659 1444 839 1491 magistro
863 1442 1106 1489 Longeworth
1124 1446 1166 1478 vt
1183 1441 1354 1478 studium
1370 1442 1538 1489 quinque
1554 1454 1740 1479 annorum

285 1506 326 1542 in
348 1505 535 1552 theologia
556 1507 758 1552 postquam
782 1503 919 1539 rexerit
941 1502 981 1538 in
1004 1501 1151 1538 artibus
1170 1513 1257 1537 cum
1274 1501 1574 1548 oppositionibus
1590 1514 1739 1550 respon-

286 1564 455 1601 sionibus
483 1563 718 1601 sermonibus
745 1567 785 1599 et
811 1562 896 1598 aliis
921 1561 1108 1597 exercitiis
1136 1572 1202 1608 per
1231 1560 1347 1607 Regia
1374 1564 1522 1597 statuta
1549 1563 1743 1609 requisitis

287 1623 427 1670 partim
452 1623 528 1659 iam
553 1622 715 1670 peractis
739 1621 878 1668 partim
903 1621 992 1655 ante
1018 1619 1258 1655 nativitatem
1276 1619 1417 1655 Christi
1435 1621 1654 1668 peragendis
1671 1621 1743 1658 sub

287 1693 384 1730 pena
406 1681 483 1729 iiij¹¹
499 1681 672 1729 ponenda
695 1680 734 1716 in
757 1680 933 1716 manibus
955 1681 1239 1726 procuratorum
1262 1682 1351 1715 ante
1372 1679 1454 1715 eius
1475 1680 1742 1717 admissionem

288 1741 449 1777 sufficiat
465 1741 499 1777 ei
515 1744 596 1777 tam
613 1739 659 1777 ad
677 1738 941 1787 opponendum
954 1749 1070 1785 quam
1082 1737 1130 1774 ad
1147 1737 1366 1774 intrandum
1384 1739 1422 1774 in
1439 1750 1544 1775 sacra
1557 1739 1743 1786 theologia

288 1800 342 1836 sic
354 1803 397 1837 vt
414 1800 641 1837 admittatur
657 1802 696 1835 et
711 1799 793 1835 eius
809 1798 988 1834 admissio
1001 1800 1078 1834 stet
1094 1797 1127 1833 ei
1146 1809 1213 1844 pro
1225 1797 1422 1844 completis
1437 1798 1555 1844 gradu
1568 1802 1607 1835 et
1623 1799 1744 1835 forma

288 1859 526 1896 bachalaurei
553 1860 592 1896 in
617 1859 747 1896 eadem
797 1859 1041 1894 Presentatus
1065 1868 1132 1904 per
1155 1856 1345 1893 doctorem
1373 1857 1490 1893 Peme
1515 1857 1578 1905 ijd⁰
1600 1858 1744 1906 Aprilis

290 1919 448 1966 (peregit
472 1919 598 1955 omnia
621 1919 754 1966 marq.)

196 1977 423 2014 Conceditur
446 1978 490 2024 ijo
506 1977 649 2025 Aprilis
674 1977 853 2024 magistro
875 1976 898 2012 J
901 1988 933 2012 o.
953 1976 1111 2023 Younge
1128 1979 1170 2012 vt
1187 1975 1356 2012 studium
1374 1976 1543 2024 quinque
1559 1989 1745 2015 annorum

290 2037 330 2073 in
353 2037 540 2083 theologia
561 2039 765 2084 postquam
787 2035 924 2072 rexerit
946 2035 985 2070 in
1008 2034 1155 2071 artibus
1174 2046 1259 2070 cum
1277 2035 1578 2082 oppositionibus
1594 2048 1744 2084 respon-

290 2095 460 2132 sionibus
488 2094 724 2131 sermonibus
752 2098 792 2130 et
820 2093 904 2129 aliis
933 2093 1120 2129 exercitiis
1152 2104 1219 2140 per
1247 2094 1348 2139 regia
1379 2097 1527 2130 statuta
1552 2095 1746 2142 requisitis

291 2155 431 2202 partim
459 2154 535 2190 iam
564 2153 726 2201 peractis
755 2153 895 2200 partim
923 2155 1013 2188 ante
1040 2152 1194 2188 comitia
1227 2152 1396 2199 proxima
1427 2154 1647 2200 peragendis
1674 2154 1747 2190 sub

292 2225 388 2261 pena
412 2212 490 2260 iiij¹¹
517 2212 691 2260 ponenda
715 2215 784 2248 etc.
812 2211 858 2247 de
885 2210 998 2247 verbo
1022 2210 1062 2246 in
1087 2209 1243 2246 verbum
1269 2214 1313 2247 vt
1340 2222 1454 2258 supra
1504 2213 1747 2250 Presentatus

293 2285 360 2321 per
382 2273 573 2310 doctorem
599 2273 717 2308 Peme
741 2270 871 2307 eodem
898 2270 1056 2317 (peregit
1080 2270 1207 2306 omnia
1230 2270 1362 2318 mary.)

199 2332 425 2369 Conceditur
455 2335 498 2368 12
527 2332 550 2368 J
554 2332 634 2368 unii
663 2334 706 2367 vt
734 2342 855 2366 sermo
884 2330 931 2366 ad
961 2330 1143 2377 populum
1171 2329 1220 2366 ad
1248 2341 1362 2377 quem
1391 2334 1543 2367 tenetur
1570 2333 1749 2379 magister

294 2392 450 2439 Younge
465 2391 612 2428 ratione
628 2390 765 2438 gradus
782 2390 840 2426 sui
857 2390 978 2437 possit
1001 2389 1142 2425 differri
1165 2389 1205 2426 in
1227 2390 1441 2437 proximum
1463 2403 1607 2428 annum
1629 2393 1683 2428 sic
1705 2395 1748 2429 vt

228 2456 231 2459 '
293 2451 360 2487 fiat
371 2454 461 2487 ante
474 2450 639 2486 natalem
652 2449 806 2485 Domini
817 2449 898 2485 sine
910 2448 1078 2484 vlteriori
1088 2448 1270 2485 dilatione
1282 2450 1439 2496 (peregit
1456 2453 1496 2486 11
1510 2451 1534 2486 J
1537 2451 1604 2487 ulii
1616 2454 1749 2500 marg.)

201 2511 427 2548 Conceditur
447 2510 510 2558 ijd⁰
525 2510 619 2547 Julii
641 2509 821 2556 magistro
837 2508 1039 2555 Wigbtgift
1057 2511 1100 2544 vt
1121 2508 1292 2544 studium
1314 2509 1350 2556 vj
1374 2521 1559 2546 annorum
1582 2511 1622 2547 in
1643 2511 1748 2548 theo-

294 2569 391 2616 logia
413 2571 615 2616 postquam
637 2568 774 2604 rexerit
790 2567 830 2603 in
846 2567 992 2603 artibus
1012 2578 1099 2603 cum
1121 2567 1423 2614 oppositionibus
1444 2570 1750 2616 responsionibus

295 2627 529 2664 sermonibus
551 2629 591 2663 et
611 2626 696 2662 aliis
716 2626 902 2662 exercitiis
924 2637 991 2673 per
1012 2626 1113 2672 regia
1132 2629 1279 2662 statuta
1300 2627 1493 2674 requisitis
1515 2629 1750 2675 perficiendis

295 2686 394 2723 infra
414 2697 558 2722 annum
580 2688 666 2732 post
685 2685 766 2720 eius
782 2684 1049 2721 admissionem
1066 2684 1138 2720 sub
1154 2697 1251 2732 pena
1267 2685 1312 2720 1¹¹
1327 2686 1502 2733 ponenda
1518 2687 1558 2723 in
1576 2689 1751 2725 manibus

295 2748 581 2792 procuratorum
599 2748 688 2780 ante
708 2744 790 2779 eius
808 2743 1075 2779 admissionem
1094 2743 1257 2780 sufficiat
1273 2744 1307 2780 ei
1323 2747 1404 2780 tam
1420 2744 1468 2781 ad
1485 2747 1750 2793 opponendum

296 2814 412 2850 quam
433 2802 482 2839 ad
506 2802 726 2839 intrandum
750 2802 790 2838 in
815 2813 920 2838 sacra
945 2802 1131 2849 theologia
1197 2803 1442 2840 Presentatus
1464 2804 1546 2851 fija,
1566 2805 1590 2841 J
1594 2806 1660 2842 ulii
1685 2818 1753 2853 per

297 2861 487 2898 doctorem
513 2862 632 2898 Peme
679 2860 838 2908 (peregit
862 2861 989 2897 omnia
1012 2862 1145 2909 mar-9.)
