<?xml version="1.0" encoding="UTF-8"?>
<!DOCTYPE html PUBLIC "-//W3C//DTD XHTML 1.0 Transitional//EN"
    "http://www.w3.org/TR/xhtml1/DTD/xhtml1-transitional.dtd">
<html xmlns="http://www.w3.org/1999/xhtml" xml:lang="en" lang="en">
 <head>
  <title>
</title>
<meta http-equiv="Content-Type" content="text/html;charset=utf-8" />
  <meta name='ocr-system' content='tesseract 3.04.00' />
  <meta name='ocr-capabilities' content='ocr_page ocr_carea ocr_par ocr_line ocrx_word'/>
</head>
<body>
  <div class='ocr_page' id='page_1' title='image "./gracebookdeltaco00univuoft_0049.png"; bbox 0 0 2002 3236; ppageno 0'>
   <div class='ocr_carea' id='block_1_1' title="bbox 186 149 1730 208">
    <p class='ocr_par' dir='ltr' id='par_1_1' title="bbox 186 149 1730 208">
     <span class='ocr_line' id='line_1_1' title="bbox 186 149 1730 208; baseline -0.005 -14"><span class='ocrx_word' id='word_1_1' title='bbox 186 152 404 208; x_wconf 80' lang='lat'>1543-44]</span> <span class='ocrx_word' id='word_1_2' title='bbox 761 159 912 192; x_wconf 67' lang='lat' dir='ltr'><strong>emet:</strong></span> <span class='ocrx_word' id='word_1_3' title='bbox 943 159 1068 191; x_wconf 75' lang='grc' dir='ltr'>Βοοι(</span> <span class='ocrx_word' id='word_1_4' title='bbox 1100 159 1129 190; x_wconf 78' lang='grc' dir='ltr'><strong>Δ</strong></span> <span class='ocrx_word' id='word_1_5' title='bbox 1676 149 1730 187; x_wconf 89' lang='lat'><strong>15</strong></span> 
     </span>
    </p>
   </div>
   <div class='ocr_carea' id='block_1_2' title="bbox 184 259 1733 369">
    <p class='ocr_par' dir='ltr' id='par_1_2' title="bbox 184 259 1733 369">
     <span class='ocr_line' id='line_1_2' title="bbox 184 259 1733 311; baseline -0.006 -8"><span class='ocrx_word' id='word_1_6' title='bbox 184 266 282 302; x_wconf 87' lang='lat' dir='ltr'><strong>Item</strong></span> <span class='ocrx_word' id='word_1_7' title='bbox 310 266 527 303; x_wconf 76' lang='lat' dir='ltr'><strong>conceditur</strong></span> <span class='ocrx_word' id='word_1_8' title='bbox 554 264 694 302; x_wconf 83' lang='lat' dir='ltr'><strong>Joanni</strong></span> <span class='ocrx_word' id='word_1_9' title='bbox 725 265 924 311; x_wconf 84' lang='lat' dir='ltr'><strong>Kyngston</strong></span> <span class='ocrx_word' id='word_1_10' title='bbox 955 265 998 299; x_wconf 85' lang='lat' dir='ltr'><strong>vt</strong></span> <span class='ocrx_word' id='word_1_11' title='bbox 1026 262 1197 298; x_wconf 88' lang='lat' dir='ltr'><strong>studium</strong></span> <span class='ocrx_word' id='word_1_12' title='bbox 1226 261 1342 296; x_wconf 87' lang='lat' dir='ltr'><strong>trium</strong></span> <span class='ocrx_word' id='word_1_13' title='bbox 1371 271 1556 295; x_wconf 86' lang='lat' dir='ltr'><strong>annorum</strong></span> <span class='ocrx_word' id='word_1_14' title='bbox 1585 259 1624 294; x_wconf 92' lang='lat' dir='ltr'><strong>in</strong></span> <span class='ocrx_word' id='word_1_15' title='bbox 1654 260 1733 295; x_wconf 87' lang='lat' dir='ltr'><strong>iure</strong></span> 
     </span>
     <span class='ocr_line' id='line_1_3' title="bbox 277 318 1731 369; baseline -0.005 -9"><span class='ocrx_word' id='word_1_16' title='bbox 277 325 379 360; x_wconf 91' lang='lat' dir='ltr'><strong>ciuili</strong></span> <span class='ocrx_word' id='word_1_17' title='bbox 404 325 443 361; x_wconf 91' lang='lat' dir='ltr'><strong>in</strong></span> <span class='ocrx_word' id='word_1_18' title='bbox 468 324 538 360; x_wconf 83' lang='lat' dir='ltr'><strong>hac</strong></span> <span class='ocrx_word' id='word_1_19' title='bbox 563 324 809 360; x_wconf 86' lang='lat' dir='ltr'><strong>vniuersitate</strong></span> <span class='ocrx_word' id='word_1_20' title='bbox 836 326 874 358; x_wconf 88' lang='lat' dir='ltr'><strong>et</strong></span> <span class='ocrx_word' id='word_1_21' title='bbox 897 325 1042 369; x_wconf 84' lang='lat' dir='ltr'><strong>septem</strong></span> <span class='ocrx_word' id='word_1_22' title='bbox 1067 320 1227 357; x_wconf 90' lang='lat' dir='ltr'><strong>Londini</strong></span> <span class='ocrx_word' id='word_1_23' title='bbox 1252 320 1292 356; x_wconf 92' lang='lat' dir='ltr'><strong>in</strong></span> <span class='ocrx_word' id='word_1_24' title='bbox 1321 318 1483 355; x_wconf 78' lang='lat' dir='ltr'><strong>arcubus</strong></span> <span class='ocrx_word' id='word_1_25' title='bbox 1508 318 1670 354; x_wconf 87' lang='lat' dir='ltr'><strong>sufficiat</strong></span> <span class='ocrx_word' id='word_1_26' title='bbox 1697 319 1731 354; x_wconf 89' lang='lat' dir='ltr'><strong>ei</strong></span> 
     </span>
    </p>
   </div>
   <div class='ocr_carea' id='block_1_3' title="bbox 184 381 1735 654">
    <p class='ocr_par' dir='ltr' id='par_1_3' title="bbox 277 381 894 420">
     <span class='ocr_line' id='line_1_4' title="bbox 277 381 894 420; baseline -0.006 0"><span class='ocrx_word' id='word_1_27' title='bbox 277 383 323 420; x_wconf 81' lang='lat' dir='ltr'><strong>ad</strong></span> <span class='ocrx_word' id='word_1_28' title='bbox 350 382 570 419; x_wconf 86' lang='lat' dir='ltr'><strong>intrandum</strong></span> <span class='ocrx_word' id='word_1_29' title='bbox 594 382 634 418; x_wconf 92' lang='lat' dir='ltr'><strong>in</strong></span> <span class='ocrx_word' id='word_1_30' title='bbox 659 381 788 418; x_wconf 87' lang='lat' dir='ltr'><strong>eodem</strong></span> <span class='ocrx_word' id='word_1_31' title='bbox 813 382 894 417; x_wconf 91' lang='lat' dir='ltr'><strong>iure</strong></span> 
     </span>
    </p>

    <p class='ocr_par' dir='ltr' id='par_1_4' title="bbox 184 435 1733 537">
     <span class='ocr_line' id='line_1_5' title="bbox 184 435 1733 484; baseline -0.005 -6"><span class='ocrx_word' id='word_1_32' title='bbox 184 441 283 478; x_wconf 88' lang='lat' dir='ltr'><strong>Item</strong></span> <span class='ocrx_word' id='word_1_33' title='bbox 299 441 515 477; x_wconf 88' lang='lat' dir='ltr'><strong>conceditur</strong></span> <span class='ocrx_word' id='word_1_34' title='bbox 537 441 561 477; x_wconf 90' lang='lat' dir='ltr'><strong>J</strong></span> <span class='ocrx_word' id='word_1_35' title='bbox 564 440 677 476; x_wconf 88' lang='lat' dir='ltr'><strong>oanni</strong></span> <span class='ocrx_word' id='word_1_36' title='bbox 701 439 837 475; x_wconf 86' lang='lat' dir='ltr'><strong>Stokes</strong></span> <span class='ocrx_word' id='word_1_37' title='bbox 854 442 895 474; x_wconf 90' lang='lat' dir='ltr'><strong>vt</strong></span> <span class='ocrx_word' id='word_1_38' title='bbox 918 438 1088 474; x_wconf 87' lang='lat' dir='ltr'><strong>studium</strong></span> <span class='ocrx_word' id='word_1_39' title='bbox 1106 443 1251 484; x_wconf 88' lang='lat' dir='ltr'><strong>septem</strong></span> <span class='ocrx_word' id='word_1_40' title='bbox 1268 448 1453 472; x_wconf 88' lang='lat' dir='ltr'><strong>annorum</strong></span> <span class='ocrx_word' id='word_1_41' title='bbox 1474 435 1513 471; x_wconf 91' lang='lat' dir='ltr'><strong>in</strong></span> <span class='ocrx_word' id='word_1_42' title='bbox 1535 435 1615 471; x_wconf 89' lang='lat' dir='ltr'><strong>iure</strong></span> <span class='ocrx_word' id='word_1_43' title='bbox 1631 435 1733 471; x_wconf 89' lang='lat' dir='ltr'><strong>ciuili</strong></span> 
     </span>
     <span class='ocr_line' id='line_1_6' title="bbox 278 495 1536 537; baseline -0.006 0"><span class='ocrx_word' id='word_1_44' title='bbox 278 501 318 537; x_wconf 89' lang='lat' dir='ltr'><strong>in</strong></span> <span class='ocrx_word' id='word_1_45' title='bbox 334 500 404 536; x_wconf 88' lang='lat' dir='ltr'><strong>hac</strong></span> <span class='ocrx_word' id='word_1_46' title='bbox 420 500 665 536; x_wconf 86' lang='lat' dir='ltr'><strong>vniuersitate</strong></span> <span class='ocrx_word' id='word_1_47' title='bbox 681 499 843 535; x_wconf 87' lang='lat' dir='ltr'><strong>sufficiat</strong></span> <span class='ocrx_word' id='word_1_48' title='bbox 860 497 931 533; x_wconf 89' lang='lat' dir='ltr'><strong>sibi</strong></span> <span class='ocrx_word' id='word_1_49' title='bbox 948 497 996 533; x_wconf 82' lang='lat' dir='ltr'><strong>ad</strong></span> <span class='ocrx_word' id='word_1_50' title='bbox 1014 496 1232 532; x_wconf 87' lang='lat' dir='ltr'><strong>intrandum</strong></span> <span class='ocrx_word' id='word_1_51' title='bbox 1250 496 1289 532; x_wconf 90' lang='lat' dir='ltr'><strong>in</strong></span> <span class='ocrx_word' id='word_1_52' title='bbox 1307 495 1437 532; x_wconf 89' lang='lat' dir='ltr'><strong>eodem</strong></span> <span class='ocrx_word' id='word_1_53' title='bbox 1455 495 1536 530; x_wconf 87' lang='lat' dir='ltr'><strong>iure</strong></span> 
     </span>
    </p>

    <p class='ocr_par' dir='ltr' id='par_1_5' title="bbox 185 554 1735 654">
     <span class='ocr_line' id='line_1_7' title="bbox 185 554 1735 602; baseline -0.005 -6"><span class='ocrx_word' id='word_1_54' title='bbox 185 560 282 596; x_wconf 90' lang='lat' dir='ltr'><strong>Item</strong></span> <span class='ocrx_word' id='word_1_55' title='bbox 311 559 529 595; x_wconf 78' lang='lat' dir='ltr'><strong>conceditur</strong></span> <span class='ocrx_word' id='word_1_56' title='bbox 555 558 694 595; x_wconf 81' lang='lat' dir='ltr'><strong>Joanni</strong></span> <span class='ocrx_word' id='word_1_57' title='bbox 725 558 887 594; x_wconf 88' lang='lat' dir='ltr'><strong>Munson</strong></span> <span class='ocrx_word' id='word_1_58' title='bbox 918 559 960 592; x_wconf 91' lang='lat' dir='ltr'><strong>vt</strong></span> <span class='ocrx_word' id='word_1_59' title='bbox 988 556 1159 592; x_wconf 87' lang='lat' dir='ltr'><strong>studium</strong></span> <span class='ocrx_word' id='word_1_60' title='bbox 1189 559 1334 602; x_wconf 83' lang='lat' dir='ltr'><strong>septem</strong></span> <span class='ocrx_word' id='word_1_61' title='bbox 1366 566 1550 590; x_wconf 88' lang='lat' dir='ltr'><strong>annorum</strong></span> <span class='ocrx_word' id='word_1_62' title='bbox 1583 554 1622 589; x_wconf 89' lang='lat' dir='ltr'><strong>in</strong></span> <span class='ocrx_word' id='word_1_63' title='bbox 1655 554 1735 589; x_wconf 82' lang='lat' dir='ltr'><strong>iure</strong></span> 
     </span>
     <span class='ocr_line' id='line_1_8' title="bbox 279 613 1734 654; baseline -0.004 0"><span class='ocrx_word' id='word_1_64' title='bbox 279 618 380 654; x_wconf 89' lang='lat' dir='ltr'><strong>ciuili</strong></span> <span class='ocrx_word' id='word_1_65' title='bbox 410 618 449 654; x_wconf 89' lang='lat' dir='ltr'><strong>in</strong></span> <span class='ocrx_word' id='word_1_66' title='bbox 474 618 544 654; x_wconf 88' lang='lat' dir='ltr'><strong>hac</strong></span> <span class='ocrx_word' id='word_1_67' title='bbox 569 617 814 653; x_wconf 85' lang='lat' dir='ltr'><strong>vniuersitate</strong></span> <span class='ocrx_word' id='word_1_68' title='bbox 839 619 878 652; x_wconf 89' lang='lat' dir='ltr'><strong>et</strong></span> <span class='ocrx_word' id='word_1_69' title='bbox 904 615 1059 652; x_wconf 88' lang='lat' dir='ltr'><strong>Oxoniis</strong></span> <span class='ocrx_word' id='word_1_70' title='bbox 1084 615 1246 650; x_wconf 87' lang='lat' dir='ltr'><strong>sufficiat</strong></span> <span class='ocrx_word' id='word_1_71' title='bbox 1270 613 1342 650; x_wconf 88' lang='lat' dir='ltr'><strong>sibi</strong></span> <span class='ocrx_word' id='word_1_72' title='bbox 1371 613 1418 650; x_wconf 79' lang='lat' dir='ltr'><strong>ad</strong></span> <span class='ocrx_word' id='word_1_73' title='bbox 1447 613 1666 649; x_wconf 88' lang='lat' dir='ltr'><strong>intrandum</strong></span> <span class='ocrx_word' id='word_1_74' title='bbox 1696 613 1734 648; x_wconf 89' lang='lat' dir='ltr'><strong>in</strong></span> 
     </span>
    </p>
   </div>
   <div class='ocr_carea' id='block_1_4' title="bbox 278 676 514 714">
    <p class='ocr_par' dir='ltr' id='par_1_6' title="bbox 278 676 514 714">
     <span class='ocr_line' id='line_1_9' title="bbox 278 676 514 714; baseline -0.004 0"><span class='ocrx_word' id='word_1_75' title='bbox 278 676 407 714; x_wconf 84' lang='lat' dir='ltr'><strong>eodem</strong></span> <span class='ocrx_word' id='word_1_76' title='bbox 433 677 514 713; x_wconf 85' lang='lat' dir='ltr'><strong>iure</strong></span> 
     </span>
    </p>
   </div>
   <div class='ocr_carea' id='block_1_5' title="bbox 644 862 1867 919">
    <p class='ocr_par' dir='ltr' id='par_1_7' title="bbox 644 862 1867 919">
     <span class='ocr_line' id='line_1_10' title="bbox 644 862 1867 919; baseline -0.003 -15"><span class='ocrx_word' id='word_1_77' title='bbox 644 863 952 906; x_wconf 85' lang='lat' dir='ltr'><strong>Bacchalaurei</strong></span> <span class='ocrx_word' id='word_1_78' title='bbox 984 862 1029 905; x_wconf 91' lang='lat' dir='ltr'><strong>in</strong></span> <span class='ocrx_word' id='word_1_79' title='bbox 1061 862 1280 919; x_wconf 84' lang='lat' dir='ltr'><strong>theologia</strong></span> <span class='ocrx_word' id='word_1_80' title='bbox 1754 863 1780 902; x_wconf 84' lang='lat' dir='ltr'><strong>f.</strong></span> <span class='ocrx_word' id='word_1_81' title='bbox 1805 863 1867 900; x_wconf 90' lang='lat' dir='ltr'><strong>6b</strong></span> 
     </span>
    </p>
   </div>
   <div class='ocr_carea' id='block_1_6' title="bbox 189 985 1751 2917">
    <p class='ocr_par' dir='ltr' id='par_1_8' title="bbox 189 985 1742 1328">
     <span class='ocr_line' id='line_1_11' title="bbox 189 985 1738 1034; baseline -0.002 -11"><span class='ocrx_word' id='word_1_82' title='bbox 189 988 234 1024; x_wconf 91' lang='lat' dir='ltr'><strong>In</strong></span> <span class='ocrx_word' id='word_1_83' title='bbox 264 988 396 1034; x_wconf 89' lang='lat' dir='ltr'><strong>primis</strong></span> <span class='ocrx_word' id='word_1_84' title='bbox 424 986 640 1023; x_wconf 81' lang='lat' dir='ltr'><strong>conceditur</strong></span> <span class='ocrx_word' id='word_1_85' title='bbox 672 986 851 1033; x_wconf 87' lang='lat' dir='ltr'><strong>magistro</strong></span> <span class='ocrx_word' id='word_1_86' title='bbox 881 986 1014 1022; x_wconf 79' lang='lat' dir='ltr'><strong>Foster</strong></span> <span class='ocrx_word' id='word_1_87' title='bbox 1042 990 1084 1022; x_wconf 88' lang='lat' dir='ltr'><strong>vt</strong></span> <span class='ocrx_word' id='word_1_88' title='bbox 1112 986 1283 1022; x_wconf 88' lang='lat' dir='ltr'><strong>studium</strong></span> <span class='ocrx_word' id='word_1_89' title='bbox 1311 989 1456 1032; x_wconf 79' lang='lat' dir='ltr'><strong>septem</strong></span> <span class='ocrx_word' id='word_1_90' title='bbox 1485 997 1669 1021; x_wconf 89' lang='lat' dir='ltr'><strong>annorum</strong></span> <span class='ocrx_word' id='word_1_91' title='bbox 1699 985 1738 1020; x_wconf 90' lang='lat' dir='ltr'><strong>in</strong></span> 
     </span>
     <span class='ocr_line' id='line_1_12' title="bbox 281 1043 1739 1092; baseline -0.001 -11"><span class='ocrx_word' id='word_1_92' title='bbox 281 1045 466 1092; x_wconf 86' lang='lat' dir='ltr'><strong>theologia</strong></span> <span class='ocrx_word' id='word_1_93' title='bbox 490 1050 691 1092; x_wconf 81' lang='lat' dir='ltr'><strong>postquam</strong></span> <span class='ocrx_word' id='word_1_94' title='bbox 721 1045 858 1081; x_wconf 87' lang='lat' dir='ltr'><strong>rexerit</strong></span> <span class='ocrx_word' id='word_1_95' title='bbox 886 1057 972 1081; x_wconf 87' lang='lat' dir='ltr'><strong>cum</strong></span> <span class='ocrx_word' id='word_1_96' title='bbox 997 1044 1146 1081; x_wconf 89' lang='lat' dir='ltr'><strong>duobus</strong></span> <span class='ocrx_word' id='word_1_97' title='bbox 1168 1043 1403 1080; x_wconf 88' lang='lat' dir='ltr'><strong>sermonibus</strong></span> <span class='ocrx_word' id='word_1_98' title='bbox 1428 1056 1501 1079; x_wconf 92' lang='lat' dir='ltr'><strong>vno</strong></span> <span class='ocrx_word' id='word_1_99' title='bbox 1525 1043 1573 1080; x_wconf 86' lang='lat' dir='ltr'><strong>ad</strong></span> <span class='ocrx_word' id='word_1_100' title='bbox 1598 1043 1739 1079; x_wconf 90' lang='lat' dir='ltr'><strong>clerum</strong></span> 
     </span>
     <span class='ocr_line' id='line_1_13' title="bbox 281 1102 1741 1151; baseline -0.001 -11"><span class='ocrx_word' id='word_1_101' title='bbox 281 1104 399 1140; x_wconf 86' lang='lat' dir='ltr'><strong>altero</strong></span> <span class='ocrx_word' id='word_1_102' title='bbox 420 1103 469 1140; x_wconf 85' lang='lat' dir='ltr'><strong>ad</strong></span> <span class='ocrx_word' id='word_1_103' title='bbox 490 1116 637 1143; x_wconf 85' lang='lat' dir='ltr'><strong>crucem</strong></span> <span class='ocrx_word' id='word_1_104' title='bbox 663 1104 768 1140; x_wconf 86' lang='lat' dir='ltr'><strong>Pauli</strong></span> <span class='ocrx_word' id='word_1_105' title='bbox 786 1108 825 1140; x_wconf 88' lang='lat' dir='ltr'><strong>et</strong></span> <span class='ocrx_word' id='word_1_106' title='bbox 848 1116 933 1140; x_wconf 89' lang='lat' dir='ltr'><strong>cum</strong></span> <span class='ocrx_word' id='word_1_107' title='bbox 952 1104 1192 1151; x_wconf 82' lang='lat' dir='ltr'><strong>responsione</strong></span> <span class='ocrx_word' id='word_1_108' title='bbox 1216 1103 1273 1139; x_wconf 88' lang='lat' dir='ltr'><strong>vel</strong></span> <span class='ocrx_word' id='word_1_109' title='bbox 1298 1102 1468 1150; x_wconf 85' lang='lat' dir='ltr'><strong>pluribus</strong></span> <span class='ocrx_word' id='word_1_110' title='bbox 1488 1103 1519 1138; x_wconf 89' lang='lat' dir='ltr'><strong>si</strong></span> <span class='ocrx_word' id='word_1_111' title='bbox 1542 1103 1741 1149; x_wconf 77' lang='lat' dir='ltr'><strong>exigantur</strong></span> 
     </span>
     <span class='ocr_line' id='line_1_14' title="bbox 282 1163 1739 1211; baseline -0.001 -12"><span class='ocrx_word' id='word_1_112' title='bbox 282 1163 444 1200; x_wconf 84' lang='lat' dir='ltr'><strong>sufficiat</strong></span> <span class='ocrx_word' id='word_1_113' title='bbox 465 1163 500 1200; x_wconf 92' lang='lat' dir='ltr'><strong>ei</strong></span> <span class='ocrx_word' id='word_1_114' title='bbox 523 1163 572 1200; x_wconf 83' lang='lat' dir='ltr'><strong>ad</strong></span> <span class='ocrx_word' id='word_1_115' title='bbox 592 1163 856 1211; x_wconf 89' lang='lat' dir='ltr'><strong>opponendum</strong></span> <span class='ocrx_word' id='word_1_116' title='bbox 873 1167 912 1200; x_wconf 88' lang='lat' dir='ltr'><strong>et</strong></span> <span class='ocrx_word' id='word_1_117' title='bbox 935 1163 1154 1200; x_wconf 83' lang='lat' dir='ltr'><strong>intrandum</strong></span> <span class='ocrx_word' id='word_1_118' title='bbox 1180 1164 1219 1199; x_wconf 87' lang='lat' dir='ltr'><strong>in</strong></span> <span class='ocrx_word' id='word_1_119' title='bbox 1247 1163 1363 1199; x_wconf 87' lang='lat' dir='ltr'><strong>libros</strong></span> <span class='ocrx_word' id='word_1_120' title='bbox 1387 1163 1661 1199; x_wconf 86' lang='lat' dir='ltr'><strong>sententiarum</strong></span> <span class='ocrx_word' id='word_1_121' title='bbox 1686 1164 1739 1199; x_wconf 85' lang='lat' dir='ltr'><strong>sic</strong></span> 
     </span>
     <span class='ocr_line' id='line_1_15' title="bbox 282 1221 1742 1270; baseline 0 -12"><span class='ocrx_word' id='word_1_122' title='bbox 282 1222 383 1269; x_wconf 89' lang='lat' dir='ltr'><strong>quod</strong></span> <span class='ocrx_word' id='word_1_123' title='bbox 411 1221 639 1259; x_wconf 76' lang='lat' dir='ltr'><strong>admittatur</strong></span> <span class='ocrx_word' id='word_1_124' title='bbox 667 1222 715 1259; x_wconf 87' lang='lat' dir='ltr'><strong>ad</strong></span> <span class='ocrx_word' id='word_1_125' title='bbox 744 1222 1008 1270; x_wconf 90' lang='lat' dir='ltr'><strong>opponendum</strong></span> <span class='ocrx_word' id='word_1_126' title='bbox 1043 1223 1140 1258; x_wconf 87' lang='lat' dir='ltr'><strong>infra</strong></span> <span class='ocrx_word' id='word_1_127' title='bbox 1173 1221 1341 1258; x_wconf 89' lang='lat' dir='ltr'><strong>triduum</strong></span> <span class='ocrx_word' id='word_1_128' title='bbox 1371 1226 1410 1258; x_wconf 88' lang='lat' dir='ltr'><strong>et</strong></span> <span class='ocrx_word' id='word_1_129' title='bbox 1442 1226 1518 1258; x_wconf 84' lang='lat' dir='ltr'><strong>stet</strong></span> <span class='ocrx_word' id='word_1_130' title='bbox 1550 1234 1742 1270; x_wconf 88' lang='lat' dir='ltr'><strong>opponens</strong></span> 
     </span>
     <span class='ocr_line' id='line_1_16' title="bbox 282 1281 831 1328; baseline 0.002 -11"><span class='ocrx_word' id='word_1_131' title='bbox 282 1293 399 1328; x_wconf 86' lang='lat' dir='ltr'><strong>vsque</strong></span> <span class='ocrx_word' id='word_1_132' title='bbox 423 1281 470 1318; x_wconf 77' lang='lat' dir='ltr'><strong>ad</strong></span> <span class='ocrx_word' id='word_1_133' title='bbox 495 1282 634 1318; x_wconf 85' lang='lat' dir='ltr'><strong>festum</strong></span> <span class='ocrx_word' id='word_1_134' title='bbox 661 1282 831 1319; x_wconf 85' lang='lat' dir='ltr'><strong>Barnabe</strong></span> 
     </span>
    </p>

    <p class='ocr_par' dir='ltr' id='par_1_9' title="bbox 190 1340 1750 1678">
     <span class='ocr_line' id='line_1_17' title="bbox 190 1340 1743 1388; baseline 0.001 -12"><span class='ocrx_word' id='word_1_135' title='bbox 190 1341 288 1377; x_wconf 82' lang='lat' dir='ltr'><strong>Item</strong></span> <span class='ocrx_word' id='word_1_136' title='bbox 316 1340 533 1376; x_wconf 87' lang='lat' dir='ltr'><strong>conceditur</strong></span> <span class='ocrx_word' id='word_1_137' title='bbox 559 1341 704 1377; x_wconf 87' lang='lat' dir='ltr'><strong>Simoni</strong></span> <span class='ocrx_word' id='word_1_138' title='bbox 732 1341 896 1388; x_wconf 84' lang='lat' dir='ltr'><strong>Brygges</strong></span> <span class='ocrx_word' id='word_1_139' title='bbox 923 1344 965 1377; x_wconf 89' lang='lat' dir='ltr'><strong>vt</strong></span> <span class='ocrx_word' id='word_1_140' title='bbox 993 1341 1162 1378; x_wconf 87' lang='lat' dir='ltr'><strong>studium</strong></span> <span class='ocrx_word' id='word_1_141' title='bbox 1190 1354 1254 1378; x_wconf 81' lang='lat' dir='ltr'><strong>sex</strong></span> <span class='ocrx_word' id='word_1_142' title='bbox 1278 1353 1463 1377; x_wconf 87' lang='lat' dir='ltr'><strong>annorum</strong></span> <span class='ocrx_word' id='word_1_143' title='bbox 1489 1342 1527 1377; x_wconf 90' lang='lat' dir='ltr'><strong>in</strong></span> <span class='ocrx_word' id='word_1_144' title='bbox 1556 1341 1743 1388; x_wconf 76' lang='lat' dir='ltr'><strong>theologia</strong></span> 
     </span>
     <span class='ocr_line' id='line_1_18' title="bbox 284 1399 1742 1447; baseline 0.001 -12"><span class='ocrx_word' id='word_1_145' title='bbox 284 1403 484 1447; x_wconf 82' lang='lat' dir='ltr'><strong>postquam</strong></span> <span class='ocrx_word' id='word_1_146' title='bbox 510 1399 647 1436; x_wconf 86' lang='lat' dir='ltr'><strong>rexerit</strong></span> <span class='ocrx_word' id='word_1_147' title='bbox 672 1411 758 1436; x_wconf 89' lang='lat' dir='ltr'><strong>cum</strong></span> <span class='ocrx_word' id='word_1_148' title='bbox 782 1399 930 1436; x_wconf 90' lang='lat' dir='ltr'><strong>duobus</strong></span> <span class='ocrx_word' id='word_1_149' title='bbox 954 1400 1190 1437; x_wconf 75' lang='lat' dir='ltr'><strong>sermonibus</strong></span> <span class='ocrx_word' id='word_1_150' title='bbox 1215 1413 1288 1436; x_wconf 90' lang='lat' dir='ltr'><strong>vno</strong></span> <span class='ocrx_word' id='word_1_151' title='bbox 1312 1400 1360 1436; x_wconf 77' lang='lat' dir='ltr'><strong>ad</strong></span> <span class='ocrx_word' id='word_1_152' title='bbox 1385 1400 1525 1436; x_wconf 89' lang='lat' dir='ltr'><strong>clerum</strong></span> <span class='ocrx_word' id='word_1_153' title='bbox 1555 1400 1672 1436; x_wconf 82' lang='lat' dir='ltr'><strong>altero</strong></span> <span class='ocrx_word' id='word_1_154' title='bbox 1694 1400 1742 1437; x_wconf 79' lang='lat' dir='ltr'><strong>ad</strong></span> 
     </span>
     <span class='ocr_line' id='line_1_19' title="bbox 284 1455 1744 1503; baseline 0.001 -13"><span class='ocrx_word' id='word_1_155' title='bbox 284 1466 431 1491; x_wconf 89' lang='lat' dir='ltr'><strong>crucem</strong></span> <span class='ocrx_word' id='word_1_156' title='bbox 456 1455 560 1491; x_wconf 91' lang='lat' dir='ltr'><strong>Pauli</strong></span> <span class='ocrx_word' id='word_1_157' title='bbox 586 1457 626 1491; x_wconf 87' lang='lat' dir='ltr'><strong>et</strong></span> <span class='ocrx_word' id='word_1_158' title='bbox 647 1467 733 1491; x_wconf 90' lang='lat' dir='ltr'><strong>cum</strong></span> <span class='ocrx_word' id='word_1_159' title='bbox 758 1467 832 1491; x_wconf 87' lang='lat' dir='ltr'><strong>vna</strong></span> <span class='ocrx_word' id='word_1_160' title='bbox 854 1456 1094 1502; x_wconf 83' lang='lat' dir='ltr'><strong>responsione</strong></span> <span class='ocrx_word' id='word_1_161' title='bbox 1115 1455 1173 1491; x_wconf 89' lang='lat' dir='ltr'><strong>vel</strong></span> <span class='ocrx_word' id='word_1_162' title='bbox 1197 1455 1368 1503; x_wconf 89' lang='lat' dir='ltr'><strong>pluribus</strong></span> <span class='ocrx_word' id='word_1_163' title='bbox 1390 1455 1422 1490; x_wconf 91' lang='lat' dir='ltr'><strong>si</strong></span> <span class='ocrx_word' id='word_1_164' title='bbox 1445 1455 1643 1502; x_wconf 82' lang='lat' dir='ltr'><strong>exigantur</strong></span> <span class='ocrx_word' id='word_1_165' title='bbox 1666 1457 1744 1492; x_wconf 76' lang='lat' dir='ltr'><strong>sus-</strong></span> 
     </span>
     <span class='ocr_line' id='line_1_20' title="bbox 289 1512 1747 1560; baseline 0.001 -12"><span class='ocrx_word' id='word_1_166' title='bbox 289 1512 390 1548; x_wconf 79' lang='lat' dir='ltr'><strong>ficiat</strong></span> <span class='ocrx_word' id='word_1_167' title='bbox 412 1512 446 1548; x_wconf 90' lang='lat' dir='ltr'><strong>ei</strong></span> <span class='ocrx_word' id='word_1_168' title='bbox 468 1512 516 1548; x_wconf 87' lang='lat' dir='ltr'><strong>ad</strong></span> <span class='ocrx_word' id='word_1_169' title='bbox 537 1512 802 1560; x_wconf 87' lang='lat' dir='ltr'><strong>opponendum</strong></span> <span class='ocrx_word' id='word_1_170' title='bbox 826 1513 864 1548; x_wconf 91' lang='lat' dir='ltr'><strong>in</strong></span> <span class='ocrx_word' id='word_1_171' title='bbox 888 1513 1075 1559; x_wconf 80' lang='lat' dir='ltr'><strong>theologia</strong></span> <span class='ocrx_word' id='word_1_172' title='bbox 1097 1516 1136 1549; x_wconf 87' lang='lat' dir='ltr'><strong>et</strong></span> <span class='ocrx_word' id='word_1_173' title='bbox 1159 1513 1377 1549; x_wconf 84' lang='lat' dir='ltr'><strong>intrandum</strong></span> <span class='ocrx_word' id='word_1_174' title='bbox 1400 1513 1439 1548; x_wconf 91' lang='lat' dir='ltr'><strong>in</strong></span> <span class='ocrx_word' id='word_1_175' title='bbox 1462 1512 1576 1549; x_wconf 87' lang='lat' dir='ltr'><strong>libros</strong></span> <span class='ocrx_word' id='word_1_176' title='bbox 1598 1517 1747 1550; x_wconf 87' lang='lat' dir='ltr'><strong>senten-</strong></span> 
     </span>
     <span class='ocr_line' id='line_1_21' title="bbox 287 1570 1750 1619; baseline 0.002 -13"><span class='ocrx_word' id='word_1_177' title='bbox 287 1571 426 1608; x_wconf 87' lang='lat' dir='ltr'><strong>tiarum</strong></span> <span class='ocrx_word' id='word_1_178' title='bbox 452 1571 506 1607; x_wconf 88' lang='lat' dir='ltr'><strong>sic</strong></span> <span class='ocrx_word' id='word_1_179' title='bbox 534 1570 635 1618; x_wconf 87' lang='lat' dir='ltr'><strong>quod</strong></span> <span class='ocrx_word' id='word_1_180' title='bbox 663 1572 893 1608; x_wconf 83' lang='lat' dir='ltr'><strong>admittatur</strong></span> <span class='ocrx_word' id='word_1_181' title='bbox 916 1571 964 1608; x_wconf 88' lang='lat' dir='ltr'><strong>ad</strong></span> <span class='ocrx_word' id='word_1_182' title='bbox 993 1572 1258 1619; x_wconf 90' lang='lat' dir='ltr'><strong>opponendum</strong></span> <span class='ocrx_word' id='word_1_183' title='bbox 1286 1572 1383 1608; x_wconf 80' lang='lat' dir='ltr'><strong>infra</strong></span> <span class='ocrx_word' id='word_1_184' title='bbox 1414 1575 1578 1619; x_wconf 87' lang='lat' dir='ltr'><strong>quatuor</strong></span> <span class='ocrx_word' id='word_1_185' title='bbox 1604 1573 1686 1609; x_wconf 88' lang='lat' dir='ltr'><strong>dies</strong></span> <span class='ocrx_word' id='word_1_186' title='bbox 1710 1577 1750 1610; x_wconf 90' lang='lat' dir='ltr'><strong>et</strong></span> 
     </span>
     <span class='ocr_line' id='line_1_22' title="bbox 290 1629 1646 1678; baseline 0.001 -13"><span class='ocrx_word' id='word_1_187' title='bbox 290 1629 408 1666; x_wconf 89' lang='lat' dir='ltr'><strong>intret</strong></span> <span class='ocrx_word' id='word_1_188' title='bbox 431 1629 478 1666; x_wconf 74' lang='lat' dir='ltr'><strong>ad</strong></span> <span class='ocrx_word' id='word_1_189' title='bbox 504 1630 685 1677; x_wconf 88' lang='lat' dir='ltr'><strong>placitum</strong></span> <span class='ocrx_word' id='word_1_190' title='bbox 711 1635 750 1666; x_wconf 89' lang='lat' dir='ltr'><strong>et</strong></span> <span class='ocrx_word' id='word_1_191' title='bbox 774 1633 852 1666; x_wconf 88' lang='lat' dir='ltr'><strong>stet</strong></span> <span class='ocrx_word' id='word_1_192' title='bbox 876 1643 1070 1678; x_wconf 89' lang='lat' dir='ltr'><strong>opponens</strong></span> <span class='ocrx_word' id='word_1_193' title='bbox 1094 1643 1212 1678; x_wconf 88' lang='lat' dir='ltr'><strong>vsque</strong></span> <span class='ocrx_word' id='word_1_194' title='bbox 1236 1631 1284 1667; x_wconf 70' lang='lat' dir='ltr'><strong>ad</strong></span> <span class='ocrx_word' id='word_1_195' title='bbox 1310 1632 1448 1667; x_wconf 85' lang='lat' dir='ltr'><strong>festum</strong></span> <span class='ocrx_word' id='word_1_196' title='bbox 1476 1631 1646 1667; x_wconf 82' lang='lat' dir='ltr'><strong>Barnabe</strong></span> 
     </span>
    </p>

    <p class='ocr_par' dir='ltr' id='par_1_10' title="bbox 194 1688 1748 2088">
     <span class='ocr_line' id='line_1_23' title="bbox 194 1688 1747 1738; baseline 0.002 -14"><span class='ocrx_word' id='word_1_197' title='bbox 194 1688 293 1725; x_wconf 86' lang='lat' dir='ltr'><strong>Item</strong></span> <span class='ocrx_word' id='word_1_198' title='bbox 318 1688 534 1725; x_wconf 91' lang='lat' dir='ltr'><strong>conceditur</strong></span> <span class='ocrx_word' id='word_1_199' title='bbox 562 1689 742 1736; x_wconf 86' lang='lat' dir='ltr'><strong>magistro</strong></span> <span class='ocrx_word' id='word_1_200' title='bbox 763 1690 914 1737; x_wconf 84' lang='lat' dir='ltr'><strong>Gylpyn</strong></span> <span class='ocrx_word' id='word_1_201' title='bbox 938 1695 979 1726; x_wconf 92' lang='lat' dir='ltr'><strong>vt</strong></span> <span class='ocrx_word' id='word_1_202' title='bbox 1004 1690 1175 1726; x_wconf 88' lang='lat' dir='ltr'><strong>studium</strong></span> <span class='ocrx_word' id='word_1_203' title='bbox 1198 1694 1343 1738; x_wconf 83' lang='lat' dir='ltr'><strong>septem</strong></span> <span class='ocrx_word' id='word_1_204' title='bbox 1369 1702 1554 1726; x_wconf 88' lang='lat' dir='ltr'><strong>annorum</strong></span> <span class='ocrx_word' id='word_1_205' title='bbox 1580 1690 1619 1726; x_wconf 89' lang='lat' dir='ltr'><strong>in</strong></span> <span class='ocrx_word' id='word_1_206' title='bbox 1644 1691 1747 1727; x_wconf 84' lang='lat' dir='ltr'><strong>theo-</strong></span> 
     </span>
     <span class='ocr_line' id='line_1_24' title="bbox 287 1742 1748 1795; baseline 0.002 -12"><span class='ocrx_word' id='word_1_207' title='bbox 287 1747 385 1794; x_wconf 81' lang='lat' dir='ltr'><strong>logia</strong></span> <span class='ocrx_word' id='word_1_208' title='bbox 404 1751 606 1795; x_wconf 86' lang='lat' dir='ltr'><strong>postquam</strong></span> <span class='ocrx_word' id='word_1_209' title='bbox 629 1742 767 1784; x_wconf 85' lang='lat' dir='ltr'><strong>rexerit</strong></span> <span class='ocrx_word' id='word_1_210' title='bbox 789 1760 876 1784; x_wconf 90' lang='lat' dir='ltr'><strong>cum</strong></span> <span class='ocrx_word' id='word_1_211' title='bbox 900 1747 1054 1784; x_wconf 82' lang='lat' dir='ltr'><strong>duobus</strong></span> <span class='ocrx_word' id='word_1_212' title='bbox 1064 1749 1301 1784; x_wconf 86' lang='lat' dir='ltr'><strong>sermonibus</strong></span> <span class='ocrx_word' id='word_1_213' title='bbox 1317 1760 1392 1785; x_wconf 90' lang='lat' dir='ltr'><strong>vno</strong></span> <span class='ocrx_word' id='word_1_214' title='bbox 1407 1749 1454 1784; x_wconf 89' lang='lat' dir='ltr'><strong>ad</strong></span> <span class='ocrx_word' id='word_1_215' title='bbox 1472 1749 1612 1785; x_wconf 86' lang='lat' dir='ltr'><strong>clerum</strong></span> <span class='ocrx_word' id='word_1_216' title='bbox 1629 1750 1748 1786; x_wconf 86' lang='lat' dir='ltr'><strong>altero</strong></span> 
     </span>
     <span class='ocr_line' id='line_1_25' title="bbox 287 1807 1748 1855; baseline 0.001 -12"><span class='ocrx_word' id='word_1_217' title='bbox 287 1807 335 1843; x_wconf 85' lang='lat' dir='ltr'><strong>ad</strong></span> <span class='ocrx_word' id='word_1_218' title='bbox 361 1819 508 1843; x_wconf 89' lang='lat' dir='ltr'><strong>crucem</strong></span> <span class='ocrx_word' id='word_1_219' title='bbox 537 1807 641 1844; x_wconf 83' lang='lat' dir='ltr'><strong>Pauli</strong></span> <span class='ocrx_word' id='word_1_220' title='bbox 667 1811 706 1844; x_wconf 92' lang='lat' dir='ltr'><strong>et</strong></span> <span class='ocrx_word' id='word_1_221' title='bbox 728 1819 815 1844; x_wconf 90' lang='lat' dir='ltr'><strong>cum</strong></span> <span class='ocrx_word' id='word_1_222' title='bbox 842 1819 915 1843; x_wconf 83' lang='lat' dir='ltr'><strong>vna</strong></span> <span class='ocrx_word' id='word_1_223' title='bbox 941 1808 1182 1855; x_wconf 84' lang='lat' dir='ltr'><strong>responsione</strong></span> <span class='ocrx_word' id='word_1_224' title='bbox 1211 1808 1269 1844; x_wconf 81' lang='lat' dir='ltr'><strong>vel</strong></span> <span class='ocrx_word' id='word_1_225' title='bbox 1294 1807 1468 1854; x_wconf 88' lang='lat' dir='ltr'><strong>pluribus</strong></span> <span class='ocrx_word' id='word_1_226' title='bbox 1492 1809 1523 1844; x_wconf 83' lang='lat' dir='ltr'><strong>si</strong></span> <span class='ocrx_word' id='word_1_227' title='bbox 1549 1809 1748 1855; x_wconf 80' lang='lat' dir='ltr'><strong>exigantur</strong></span> 
     </span>
     <span class='ocr_line' id='line_1_26' title="bbox 287 1866 1746 1914; baseline 0.001 -12"><span class='ocrx_word' id='word_1_228' title='bbox 287 1866 383 1902; x_wconf 85' lang='lat' dir='ltr'><strong>citra</strong></span> <span class='ocrx_word' id='word_1_229' title='bbox 409 1866 604 1902; x_wconf 81' lang='lat' dir='ltr'><strong>commitia</strong></span> <span class='ocrx_word' id='word_1_230' title='bbox 629 1867 661 1902; x_wconf 91' lang='lat' dir='ltr'><strong>si</strong></span> <span class='ocrx_word' id='word_1_231' title='bbox 684 1866 878 1902; x_wconf 88' lang='lat' dir='ltr'><strong>commode</strong></span> <span class='ocrx_word' id='word_1_232' title='bbox 901 1867 980 1902; x_wconf 87' lang='lat' dir='ltr'><strong>fieri</strong></span> <span class='ocrx_word' id='word_1_233' title='bbox 1006 1867 1146 1913; x_wconf 84' lang='lat' dir='ltr'><strong>poterit</strong></span> <span class='ocrx_word' id='word_1_234' title='bbox 1168 1867 1226 1902; x_wconf 91' lang='lat' dir='ltr'><strong>vel</strong></span> <span class='ocrx_word' id='word_1_235' title='bbox 1251 1870 1340 1902; x_wconf 86' lang='lat' dir='ltr'><strong>ante</strong></span> <span class='ocrx_word' id='word_1_236' title='bbox 1366 1867 1509 1902; x_wconf 82' lang='lat' dir='ltr'><strong>Pascha</strong></span> <span class='ocrx_word' id='word_1_237' title='bbox 1534 1868 1746 1914; x_wconf 77' lang='lat' dir='ltr'><strong>proximum</strong></span> 
     </span>
     <span class='ocr_line' id='line_1_27' title="bbox 286 1924 1747 1972; baseline 0.003 -12"><span class='ocrx_word' id='word_1_238' title='bbox 286 1924 358 1960; x_wconf 90' lang='lat' dir='ltr'><strong>sub</strong></span> <span class='ocrx_word' id='word_1_239' title='bbox 379 1936 477 1971; x_wconf 85' lang='lat' dir='ltr'><strong>pena</strong></span> <span class='ocrx_word' id='word_1_240' title='bbox 499 1925 549 1961; x_wconf 82' lang='lat' dir='ltr'><strong>xl·</strong></span> <span class='ocrx_word' id='word_1_241' title='bbox 565 1925 728 1961; x_wconf 84' lang='lat' dir='ltr'><strong>sufficiat</strong></span> <span class='ocrx_word' id='word_1_242' title='bbox 749 1925 783 1961; x_wconf 89' lang='lat' dir='ltr'><strong>ei</strong></span> <span class='ocrx_word' id='word_1_243' title='bbox 806 1925 854 1961; x_wconf 88' lang='lat' dir='ltr'><strong>ad</strong></span> <span class='ocrx_word' id='word_1_244' title='bbox 878 1925 1143 1972; x_wconf 88' lang='lat' dir='ltr'><strong>opponendum</strong></span> <span class='ocrx_word' id='word_1_245' title='bbox 1160 1929 1199 1961; x_wconf 89' lang='lat' dir='ltr'><strong>et</strong></span> <span class='ocrx_word' id='word_1_246' title='bbox 1222 1925 1444 1962; x_wconf 87' lang='lat' dir='ltr'><strong>intrandum</strong></span> <span class='ocrx_word' id='word_1_247' title='bbox 1464 1926 1502 1962; x_wconf 91' lang='lat' dir='ltr'><strong>in</strong></span> <span class='ocrx_word' id='word_1_248' title='bbox 1526 1926 1641 1963; x_wconf 88' lang='lat' dir='ltr'><strong>libros</strong></span> <span class='ocrx_word' id='word_1_249' title='bbox 1663 1940 1747 1964; x_wconf 88' lang='lat' dir='ltr'><strong>sen-</strong></span> 
     </span>
     <span class='ocr_line' id='line_1_28' title="bbox 288 1983 1746 2032; baseline 0.002 -13"><span class='ocrx_word' id='word_1_250' title='bbox 288 1983 494 2019; x_wconf 85' lang='lat' dir='ltr'><strong>tentiarum</strong></span> <span class='ocrx_word' id='word_1_251' title='bbox 519 1984 572 2019; x_wconf 89' lang='lat' dir='ltr'><strong>sic</strong></span> <span class='ocrx_word' id='word_1_252' title='bbox 601 1983 701 2030; x_wconf 89' lang='lat' dir='ltr'><strong>quod</strong></span> <span class='ocrx_word' id='word_1_253' title='bbox 730 1983 960 2021; x_wconf 86' lang='lat' dir='ltr'><strong>admittatur</strong></span> <span class='ocrx_word' id='word_1_254' title='bbox 987 1988 1067 2019; x_wconf 89' lang='lat' dir='ltr'><strong>tam</strong></span> <span class='ocrx_word' id='word_1_255' title='bbox 1095 1983 1143 2020; x_wconf 84' lang='lat' dir='ltr'><strong>ad</strong></span> <span class='ocrx_word' id='word_1_256' title='bbox 1170 1984 1436 2031; x_wconf 84' lang='lat' dir='ltr'><strong>opponendum</strong></span> <span class='ocrx_word' id='word_1_257' title='bbox 1464 1997 1579 2032; x_wconf 86' lang='lat' dir='ltr'><strong>quam</strong></span> <span class='ocrx_word' id='word_1_258' title='bbox 1603 1987 1746 2022; x_wconf 88' lang='lat' dir='ltr'><strong>intran-</strong></span> 
     </span>
     <span class='ocr_line' id='line_1_29' title="bbox 287 2042 908 2088; baseline 0 -11"><span class='ocrx_word' id='word_1_259' title='bbox 287 2042 378 2077; x_wconf 90' lang='lat' dir='ltr'><strong>dum</strong></span> <span class='ocrx_word' id='word_1_260' title='bbox 403 2045 492 2077; x_wconf 83' lang='lat' dir='ltr'><strong>ante</strong></span> <span class='ocrx_word' id='word_1_261' title='bbox 518 2042 712 2077; x_wconf 87' lang='lat' dir='ltr'><strong>commitia</strong></span> <span class='ocrx_word' id='word_1_262' title='bbox 737 2042 908 2088; x_wconf 82' lang='lat' dir='ltr'><strong>proxima</strong></span> 
     </span>
    </p>

    <p class='ocr_par' dir='ltr' id='par_1_11' title="bbox 194 2100 1751 2207">
     <span class='ocr_line' id='line_1_30' title="bbox 194 2100 1751 2148; baseline 0.004 -13"><span class='ocrx_word' id='word_1_263' title='bbox 194 2100 336 2136; x_wconf 88' lang='lat' dir='ltr'><strong>Eadem</strong></span> <span class='ocrx_word' id='word_1_264' title='bbox 369 2100 491 2147; x_wconf 79' lang='lat' dir='ltr'><strong>gratia</strong></span> <span class='ocrx_word' id='word_1_265' title='bbox 518 2100 566 2137; x_wconf 89' lang='lat' dir='ltr'><strong>de</strong></span> <span class='ocrx_word' id='word_1_266' title='bbox 593 2100 706 2136; x_wconf 90' lang='lat' dir='ltr'><strong>verbo</strong></span> <span class='ocrx_word' id='word_1_267' title='bbox 739 2101 778 2136; x_wconf 92' lang='lat' dir='ltr'><strong>in</strong></span> <span class='ocrx_word' id='word_1_268' title='bbox 808 2101 964 2137; x_wconf 89' lang='lat' dir='ltr'><strong>verbum</strong></span> <span class='ocrx_word' id='word_1_269' title='bbox 997 2101 1215 2138; x_wconf 88' lang='lat' dir='ltr'><strong>conceditur</strong></span> <span class='ocrx_word' id='word_1_270' title='bbox 1248 2103 1430 2148; x_wconf 81' lang='lat' dir='ltr'><strong>magistro</strong></span> <span class='ocrx_word' id='word_1_271' title='bbox 1459 2103 1683 2140; x_wconf 87' lang='lat' dir='ltr'><strong>Cawthorne</strong></span> <span class='ocrx_word' id='word_1_272' title='bbox 1712 2109 1751 2140; x_wconf 88' lang='lat' dir='ltr'><strong>et</strong></span> 
     </span>
     <span class='ocr_line' id='line_1_31' title="bbox 289 2159 643 2207; baseline 0.006 -13"><span class='ocrx_word' id='word_1_273' title='bbox 289 2160 468 2206; x_wconf 86' lang='lat' dir='ltr'><strong>magistro</strong></span> <span class='ocrx_word' id='word_1_274' title='bbox 494 2159 643 2207; x_wconf 88' lang='lat' dir='ltr'><strong>Veysye</strong></span> 
     </span>
    </p>

    <p class='ocr_par' dir='ltr' id='par_1_12' title="bbox 195 2218 1750 2606">
     <span class='ocr_line' id='line_1_32' title="bbox 195 2218 1750 2270; baseline 0.005 -17"><span class='ocrx_word' id='word_1_275' title='bbox 195 2218 295 2254; x_wconf 85' lang='lat' dir='ltr'><strong>Item</strong></span> <span class='ocrx_word' id='word_1_276' title='bbox 312 2218 530 2254; x_wconf 88' lang='lat' dir='ltr'><strong>conceditur</strong></span> <span class='ocrx_word' id='word_1_277' title='bbox 552 2218 716 2255; x_wconf 77' lang='lat' dir='ltr'><strong>Roberto</strong></span> <span class='ocrx_word' id='word_1_278' title='bbox 733 2220 869 2256; x_wconf 88' lang='lat' dir='ltr'><strong>Stokes</strong></span> <span class='ocrx_word' id='word_1_279' title='bbox 887 2224 927 2256; x_wconf 90' lang='lat' dir='ltr'><strong>vt</strong></span> <span class='ocrx_word' id='word_1_280' title='bbox 944 2221 1115 2257; x_wconf 88' lang='lat' dir='ltr'><strong>studium</strong></span> <span class='ocrx_word' id='word_1_281' title='bbox 1132 2225 1277 2268; x_wconf 89' lang='lat' dir='ltr'><strong>septem</strong></span> <span class='ocrx_word' id='word_1_282' title='bbox 1294 2234 1479 2258; x_wconf 84' lang='lat' dir='ltr'><strong>annorum</strong></span> <span class='ocrx_word' id='word_1_283' title='bbox 1503 2224 1541 2259; x_wconf 91' lang='lat' dir='ltr'><strong>in</strong></span> <span class='ocrx_word' id='word_1_284' title='bbox 1563 2223 1750 2270; x_wconf 88' lang='lat' dir='ltr'><strong>theologia</strong></span> 
     </span>
     <span class='ocr_line' id='line_1_33' title="bbox 289 2277 1749 2324; baseline 0.005 -13"><span class='ocrx_word' id='word_1_285' title='bbox 289 2280 491 2324; x_wconf 85' lang='lat' dir='ltr'><strong>postquam</strong></span> <span class='ocrx_word' id='word_1_286' title='bbox 516 2277 654 2313; x_wconf 79' lang='lat' dir='ltr'><strong>rexerit</strong></span> <span class='ocrx_word' id='word_1_287' title='bbox 678 2289 765 2313; x_wconf 91' lang='lat' dir='ltr'><strong>cum</strong></span> <span class='ocrx_word' id='word_1_288' title='bbox 789 2278 938 2314; x_wconf 87' lang='lat' dir='ltr'><strong>duobus</strong></span> <span class='ocrx_word' id='word_1_289' title='bbox 962 2280 1199 2316; x_wconf 86' lang='lat' dir='ltr'><strong>sermonibus</strong></span> <span class='ocrx_word' id='word_1_290' title='bbox 1224 2293 1298 2316; x_wconf 90' lang='lat' dir='ltr'><strong>vno</strong></span> <span class='ocrx_word' id='word_1_291' title='bbox 1322 2281 1369 2317; x_wconf 86' lang='lat' dir='ltr'><strong>ad</strong></span> <span class='ocrx_word' id='word_1_292' title='bbox 1395 2281 1536 2317; x_wconf 88' lang='lat' dir='ltr'><strong>clerum</strong></span> <span class='ocrx_word' id='word_1_293' title='bbox 1562 2282 1680 2318; x_wconf 86' lang='lat' dir='ltr'><strong>altero</strong></span> <span class='ocrx_word' id='word_1_294' title='bbox 1701 2283 1749 2319; x_wconf 89' lang='lat' dir='ltr'><strong>ad</strong></span> 
     </span>
     <span class='ocr_line' id='line_1_34' title="bbox 288 2336 1749 2387; baseline 0.005 -16"><span class='ocrx_word' id='word_1_295' title='bbox 288 2347 436 2371; x_wconf 87' lang='lat' dir='ltr'><strong>crucem</strong></span> <span class='ocrx_word' id='word_1_296' title='bbox 462 2336 566 2372; x_wconf 81' lang='lat' dir='ltr'><strong>Pauli</strong></span> <span class='ocrx_word' id='word_1_297' title='bbox 583 2340 623 2372; x_wconf 87' lang='lat' dir='ltr'><strong>et</strong></span> <span class='ocrx_word' id='word_1_298' title='bbox 644 2348 731 2372; x_wconf 91' lang='lat' dir='ltr'><strong>cum</strong></span> <span class='ocrx_word' id='word_1_299' title='bbox 752 2349 827 2372; x_wconf 88' lang='lat' dir='ltr'><strong>vna</strong></span> <span class='ocrx_word' id='word_1_300' title='bbox 849 2339 1089 2384; x_wconf 85' lang='lat' dir='ltr'><strong>responsione</strong></span> <span class='ocrx_word' id='word_1_301' title='bbox 1107 2339 1165 2375; x_wconf 89' lang='lat' dir='ltr'><strong>vel</strong></span> <span class='ocrx_word' id='word_1_302' title='bbox 1188 2339 1361 2386; x_wconf 89' lang='lat' dir='ltr'><strong>pluribus</strong></span> <span class='ocrx_word' id='word_1_303' title='bbox 1384 2341 1415 2376; x_wconf 86' lang='lat' dir='ltr'><strong>si</strong></span> <span class='ocrx_word' id='word_1_304' title='bbox 1437 2341 1634 2387; x_wconf 86' lang='lat' dir='ltr'><strong>exigantur</strong></span> <span class='ocrx_word' id='word_1_305' title='bbox 1649 2354 1749 2378; x_wconf 86' lang='lat' dir='ltr'><strong>anno</strong></span> 
     </span>
     <span class='ocr_line' id='line_1_35' title="bbox 288 2393 1749 2447; baseline 0.005 -19"><span class='ocrx_word' id='word_1_306' title='bbox 288 2394 457 2441; x_wconf 81' lang='lat' dir='ltr'><strong>proximo</strong></span> <span class='ocrx_word' id='word_1_307' title='bbox 481 2393 653 2430; x_wconf 85' lang='lat' dir='ltr'><strong>habenda</strong></span> <span class='ocrx_word' id='word_1_308' title='bbox 675 2398 764 2430; x_wconf 88' lang='lat' dir='ltr'><strong>ante</strong></span> <span class='ocrx_word' id='word_1_309' title='bbox 781 2396 920 2431; x_wconf 86' lang='lat' dir='ltr'><strong>festum</strong></span> <span class='ocrx_word' id='word_1_310' title='bbox 940 2396 1082 2432; x_wconf 88' lang='lat' dir='ltr'><strong>Pasche</strong></span> <span class='ocrx_word' id='word_1_311' title='bbox 1098 2397 1170 2433; x_wconf 89' lang='lat' dir='ltr'><strong>sub</strong></span> <span class='ocrx_word' id='word_1_312' title='bbox 1193 2409 1290 2444; x_wconf 87' lang='lat' dir='ltr'><strong>pena</strong></span> <span class='ocrx_word' id='word_1_313' title='bbox 1306 2399 1494 2434; x_wconf 85' lang='lat' dir='ltr'><strong>cautionis</strong></span> <span class='ocrx_word' id='word_1_314' title='bbox 1514 2399 1563 2435; x_wconf 80' lang='lat' dir='ltr'><strong>xl·</strong></span> <span class='ocrx_word' id='word_1_315' title='bbox 1579 2400 1749 2447; x_wconf 85' lang='lat' dir='ltr'><strong>ponende</strong></span> 
     </span>
     <span class='ocr_line' id='line_1_36' title="bbox 289 2450 1748 2498; baseline 0.006 -12"><span class='ocrx_word' id='word_1_316' title='bbox 289 2452 329 2487; x_wconf 91' lang='lat' dir='ltr'><strong>in</strong></span> <span class='ocrx_word' id='word_1_317' title='bbox 354 2450 529 2488; x_wconf 87' lang='lat' dir='ltr'><strong>manibus</strong></span> <span class='ocrx_word' id='word_1_318' title='bbox 554 2457 839 2498; x_wconf 80' lang='lat' dir='ltr'><strong>procuratorum</strong></span> <span class='ocrx_word' id='word_1_319' title='bbox 864 2454 1056 2490; x_wconf 86' lang='lat' dir='ltr'><strong>sufficiant</strong></span> <span class='ocrx_word' id='word_1_320' title='bbox 1080 2455 1113 2491; x_wconf 90' lang='lat' dir='ltr'><strong>ei</strong></span> <span class='ocrx_word' id='word_1_321' title='bbox 1137 2456 1185 2492; x_wconf 83' lang='lat' dir='ltr'><strong>ad</strong></span> <span class='ocrx_word' id='word_1_322' title='bbox 1213 2457 1434 2493; x_wconf 89' lang='lat' dir='ltr'><strong>intrandum</strong></span> <span class='ocrx_word' id='word_1_323' title='bbox 1464 2458 1503 2493; x_wconf 91' lang='lat' dir='ltr'><strong>in</strong></span> <span class='ocrx_word' id='word_1_324' title='bbox 1535 2458 1666 2494; x_wconf 85' lang='lat' dir='ltr'><strong>eadem</strong></span> <span class='ocrx_word' id='word_1_325' title='bbox 1695 2460 1748 2496; x_wconf 82' lang='lat' dir='ltr'><strong>sic</strong></span> 
     </span>
     <span class='ocr_line' id='line_1_37' title="bbox 291 2511 1747 2564; baseline 0.006 -18"><span class='ocrx_word' id='word_1_326' title='bbox 291 2515 332 2548; x_wconf 92' lang='lat' dir='ltr'><strong>vt</strong></span> <span class='ocrx_word' id='word_1_327' title='bbox 368 2511 597 2548; x_wconf 82' lang='lat' dir='ltr'><strong>admittatur</strong></span> <span class='ocrx_word' id='word_1_328' title='bbox 632 2512 731 2548; x_wconf 83' lang='lat' dir='ltr'><strong>infra</strong></span> <span class='ocrx_word' id='word_1_329' title='bbox 763 2512 934 2550; x_wconf 89' lang='lat' dir='ltr'><strong>triduum</strong></span> <span class='ocrx_word' id='word_1_330' title='bbox 967 2517 1007 2550; x_wconf 88' lang='lat' dir='ltr'><strong>et</strong></span> <span class='ocrx_word' id='word_1_331' title='bbox 1040 2518 1118 2550; x_wconf 85' lang='lat' dir='ltr'><strong>stet</strong></span> <span class='ocrx_word' id='word_1_332' title='bbox 1150 2528 1343 2563; x_wconf 88' lang='lat' dir='ltr'><strong>opponens</strong></span> <span class='ocrx_word' id='word_1_333' title='bbox 1378 2529 1494 2564; x_wconf 91' lang='lat' dir='ltr'><strong>vsque</strong></span> <span class='ocrx_word' id='word_1_334' title='bbox 1527 2518 1575 2554; x_wconf 89' lang='lat' dir='ltr'><strong>ad</strong></span> <span class='ocrx_word' id='word_1_335' title='bbox 1609 2519 1747 2555; x_wconf 87' lang='lat' dir='ltr'><strong>festum</strong></span> 
     </span>
     <span class='ocr_line' id='line_1_38' title="bbox 292 2569 464 2606; baseline 0.006 -1"><span class='ocrx_word' id='word_1_336' title='bbox 292 2569 464 2606; x_wconf 84' lang='lat' dir='ltr'><strong>Barnabe</strong></span> 
     </span>
    </p>

    <p class='ocr_par' dir='ltr' id='par_1_13' title="bbox 198 2629 1751 2917">
     <span class='ocr_line' id='line_1_39' title="bbox 198 2629 1749 2680; baseline 0.006 -16"><span class='ocrx_word' id='word_1_337' title='bbox 198 2629 296 2665; x_wconf 87' lang='lat' dir='ltr'><strong>Item</strong></span> <span class='ocrx_word' id='word_1_338' title='bbox 314 2629 532 2665; x_wconf 88' lang='lat' dir='ltr'><strong>conceditur</strong></span> <span class='ocrx_word' id='word_1_339' title='bbox 547 2629 698 2666; x_wconf 85' lang='lat' dir='ltr'><strong>Albano</strong></span> <span class='ocrx_word' id='word_1_340' title='bbox 723 2630 924 2678; x_wconf 80' lang='lat' dir='ltr'><strong>Langdaye</strong></span> <span class='ocrx_word' id='word_1_341' title='bbox 946 2634 988 2667; x_wconf 89' lang='lat' dir='ltr'><strong>vt</strong></span> <span class='ocrx_word' id='word_1_342' title='bbox 1012 2632 1183 2668; x_wconf 88' lang='lat' dir='ltr'><strong>studium</strong></span> <span class='ocrx_word' id='word_1_343' title='bbox 1206 2638 1352 2680; x_wconf 81' lang='lat' dir='ltr'><strong>septem</strong></span> <span class='ocrx_word' id='word_1_344' title='bbox 1374 2647 1559 2672; x_wconf 86' lang='lat' dir='ltr'><strong>annorum</strong></span> <span class='ocrx_word' id='word_1_345' title='bbox 1583 2637 1621 2672; x_wconf 91' lang='lat' dir='ltr'><strong>in</strong></span> <span class='ocrx_word' id='word_1_346' title='bbox 1646 2637 1749 2673; x_wconf 86' lang='lat' dir='ltr'><strong>theo-</strong></span> 
     </span>
     <span class='ocr_line' id='line_1_40' title="bbox 290 2687 1750 2734; baseline 0.007 -12"><span class='ocrx_word' id='word_1_347' title='bbox 290 2687 388 2734; x_wconf 80' lang='lat' dir='ltr'><strong>logia</strong></span> <span class='ocrx_word' id='word_1_348' title='bbox 409 2691 611 2734; x_wconf 84' lang='lat' dir='ltr'><strong>postquam</strong></span> <span class='ocrx_word' id='word_1_349' title='bbox 634 2688 769 2724; x_wconf 79' lang='lat' dir='ltr'><strong>rexerit</strong></span> <span class='ocrx_word' id='word_1_350' title='bbox 794 2700 880 2724; x_wconf 88' lang='lat' dir='ltr'><strong>cum</strong></span> <span class='ocrx_word' id='word_1_351' title='bbox 904 2688 1052 2724; x_wconf 88' lang='lat' dir='ltr'><strong>duobus</strong></span> <span class='ocrx_word' id='word_1_352' title='bbox 1068 2691 1304 2727; x_wconf 84' lang='lat' dir='ltr'><strong>sermonibus</strong></span> <span class='ocrx_word' id='word_1_353' title='bbox 1321 2705 1394 2728; x_wconf 88' lang='lat' dir='ltr'><strong>vno</strong></span> <span class='ocrx_word' id='word_1_354' title='bbox 1410 2693 1458 2729; x_wconf 90' lang='lat' dir='ltr'><strong>ad</strong></span> <span class='ocrx_word' id='word_1_355' title='bbox 1475 2694 1614 2730; x_wconf 88' lang='lat' dir='ltr'><strong>clerum</strong></span> <span class='ocrx_word' id='word_1_356' title='bbox 1631 2696 1750 2731; x_wconf 85' lang='lat' dir='ltr'><strong>altero</strong></span> 
     </span>
     <span class='ocr_line' id='line_1_41' title="bbox 291 2745 1750 2801; baseline 0.006 -20"><span class='ocrx_word' id='word_1_357' title='bbox 291 2745 339 2781; x_wconf 89' lang='lat' dir='ltr'><strong>ad</strong></span> <span class='ocrx_word' id='word_1_358' title='bbox 365 2757 514 2782; x_wconf 87' lang='lat' dir='ltr'><strong>crucem</strong></span> <span class='ocrx_word' id='word_1_359' title='bbox 543 2757 630 2782; x_wconf 88' lang='lat' dir='ltr'><strong>cum</strong></span> <span class='ocrx_word' id='word_1_360' title='bbox 659 2759 733 2782; x_wconf 84' lang='lat' dir='ltr'><strong>vna</strong></span> <span class='ocrx_word' id='word_1_361' title='bbox 761 2748 1003 2793; x_wconf 83' lang='lat' dir='ltr'><strong>responsione</strong></span> <span class='ocrx_word' id='word_1_362' title='bbox 1031 2749 1202 2794; x_wconf 80' lang='lat' dir='ltr'><strong>proximo</strong></span> <span class='ocrx_word' id='word_1_363' title='bbox 1230 2763 1330 2786; x_wconf 87' lang='lat' dir='ltr'><strong>anno</strong></span> <span class='ocrx_word' id='word_1_364' title='bbox 1360 2751 1530 2788; x_wconf 87' lang='lat' dir='ltr'><strong>habenda</strong></span> <span class='ocrx_word' id='word_1_365' title='bbox 1554 2754 1625 2789; x_wconf 90' lang='lat' dir='ltr'><strong>sub</strong></span> <span class='ocrx_word' id='word_1_366' title='bbox 1654 2764 1750 2801; x_wconf 84' lang='lat' dir='ltr'><strong>pena</strong></span> 
     </span>
     <span class='ocr_line' id='line_1_42' title="bbox 292 2805 1749 2853; baseline 0.007 -14"><span class='ocrx_word' id='word_1_367' title='bbox 292 2805 476 2840; x_wconf 80' lang='lat' dir='ltr'><strong>cautionis</strong></span> <span class='ocrx_word' id='word_1_368' title='bbox 505 2805 555 2840; x_wconf 79' lang='lat' dir='ltr'><strong>xl·</strong></span> <span class='ocrx_word' id='word_1_369' title='bbox 583 2805 755 2852; x_wconf 89' lang='lat' dir='ltr'><strong>ponende</strong></span> <span class='ocrx_word' id='word_1_370' title='bbox 783 2806 822 2841; x_wconf 89' lang='lat' dir='ltr'><strong>in</strong></span> <span class='ocrx_word' id='word_1_371' title='bbox 853 2805 1028 2841; x_wconf 85' lang='lat' dir='ltr'><strong>manibus</strong></span> <span class='ocrx_word' id='word_1_372' title='bbox 1057 2814 1343 2853; x_wconf 83' lang='lat' dir='ltr'><strong>procuratorum</strong></span> <span class='ocrx_word' id='word_1_373' title='bbox 1372 2814 1460 2846; x_wconf 89' lang='lat' dir='ltr'><strong>ante</strong></span> <span class='ocrx_word' id='word_1_374' title='bbox 1484 2811 1749 2849; x_wconf 83' lang='lat' dir='ltr'><strong>admissionem</strong></span> 
     </span>
     <span class='ocr_line' id='line_1_43' title="bbox 293 2862 1751 2917; baseline 0.008 -19"><span class='ocrx_word' id='word_1_375' title='bbox 293 2862 455 2900; x_wconf 86' lang='lat' dir='ltr'><strong>sufficiat</strong></span> <span class='ocrx_word' id='word_1_376' title='bbox 476 2863 510 2900; x_wconf 88' lang='lat' dir='ltr'><strong>ei</strong></span> <span class='ocrx_word' id='word_1_377' title='bbox 537 2863 585 2900; x_wconf 80' lang='lat' dir='ltr'><strong>ad</strong></span> <span class='ocrx_word' id='word_1_378' title='bbox 611 2864 876 2913; x_wconf 83' lang='lat' dir='ltr'><strong>opponendum</strong></span> <span class='ocrx_word' id='word_1_379' title='bbox 901 2869 940 2902; x_wconf 88' lang='lat' dir='ltr'><strong>et</strong></span> <span class='ocrx_word' id='word_1_380' title='bbox 964 2866 1185 2904; x_wconf 83' lang='lat' dir='ltr'><strong>intrandum</strong></span> <span class='ocrx_word' id='word_1_381' title='bbox 1212 2868 1252 2905; x_wconf 88' lang='lat' dir='ltr'><strong>in</strong></span> <span class='ocrx_word' id='word_1_382' title='bbox 1277 2869 1465 2917; x_wconf 86' lang='lat' dir='ltr'><strong>theologia</strong></span> <span class='ocrx_word' id='word_1_383' title='bbox 1488 2870 1542 2906; x_wconf 87' lang='lat' dir='ltr'><strong>sic</strong></span> <span class='ocrx_word' id='word_1_384' title='bbox 1566 2871 1666 2917; x_wconf 90' lang='lat' dir='ltr'><strong>quod</strong></span> <span class='ocrx_word' id='word_1_385' title='bbox 1687 2873 1751 2909; x_wconf 89' lang='lat' dir='ltr'><strong>ad-</strong></span> 
     </span>
    </p>
   </div>
  </div>
 </body>
</html>
