2046 3224
207 169 426 226 1550-51]
795 178 947 210 onaan
978 178 1098 209 Boox
1131 178 1160 208 Δ
1699 163 1753 206 73

703 414 1014 458 Bacchalaurei
1044 413 1263 471 theologie
1775 409 1800 448 f.
1825 409 1876 447 30
1895 422 1918 447 a

209 527 253 563 In
271 527 404 574 primis
416 527 633 564 conceditur
641 527 821 574 magistro
832 527 926 563 Gest
937 526 1207 574 vicepreposito
1219 524 1362 572 collegii
1374 523 1522 571 Regalis
1532 526 1574 559 vt
1586 522 1756 558 studium

301 589 324 623 6
340 598 525 623 annorum
543 586 582 622 in
599 586 787 633 theologia
809 588 1011 634 postquam
1028 585 1167 622 rexerit
1188 584 1227 621 in
1249 583 1396 621 artibus
1418 594 1503 619 cum
1521 580 1756 618 sermonibus

300 644 605 693 responsionibus
627 647 668 681 et
689 644 774 681 aliis
795 643 983 681 exercitiis
1006 643 1202 691 requisitis
1226 642 1414 679 sufficiant
1438 641 1472 678 ei
1496 641 1544 678 ad
1569 652 1755 688 opponen-

301 704 391 740 dum
409 704 449 740 in
465 704 652 750 theologia
668 703 722 739 sic
741 703 842 751 quod
859 706 948 740 ante
969 703 1050 739 eius
1069 702 1336 739 admissionem
1358 700 1523 748 deponat
1544 699 1756 735 cautionem

301 763 437 798 realem
470 765 635 810 quatuor
666 761 848 798 librarum
881 761 928 798 de
961 760 1196 808 perficiendis
1224 759 1412 796 exercitiis
1444 761 1534 795 ante
1565 758 1758 794 commitia

301 822 471 869 proxima

208 880 306 916 Item
328 880 546 917 conceditur
567 880 709 917 Jacobo
732 880 972 928 Pylkyngton
995 882 1038 916 vt
1060 878 1230 915 studium
1257 880 1278 917 7
1301 889 1486 915 annorum
1509 877 1548 913 in
1573 875 1759 922 theologia

300 942 502 987 postquam
518 939 656 976 rexerit
673 940 712 976 in
729 939 876 976 artibus
893 939 932 975 in
949 938 1089 986 quibus
1112 938 1290 975 lectiones
1306 937 1454 973 audiuit
1476 936 1638 972 sufficiat
1659 935 1693 970 ei
1710 934 1758 970 ad

301 998 521 1035 intrandum
546 998 585 1035 in
614 998 794 1046 epistolas
821 998 927 1035 Pauli
954 1002 994 1034 et
1022 998 1142 1046 possit
1174 997 1328 1034 admitti
1362 996 1409 1032 ad
1437 995 1617 1043 placitum
1647 993 1758 1030 modo

301 1056 542 1094 concionetur
573 1057 743 1104 disputet
774 1060 814 1094 et
846 1056 1070 1105 respondeat
1095 1056 1245 1103 quoties
1271 1058 1418 1092 statuta
1443 1053 1638 1102 postulant
1663 1053 1759 1089 eitra

300 1115 493 1152 commitia
517 1115 687 1163 proxima

208 1173 307 1210 Item
331 1173 548 1210 conceditur
567 1174 748 1221 magistro
772 1173 983 1220 Bovington
1006 1176 1048 1209 vt
1068 1172 1238 1209 studium
1261 1174 1282 1209 7
1303 1182 1489 1208 annorum
1511 1171 1550 1208 in
1574 1171 1759 1218 theologia

301 1235 502 1280 postquam
528 1233 664 1270 rexerit
689 1233 728 1269 iu
753 1232 901 1269 artibus
925 1244 1000 1269 vna
1024 1244 1111 1268 cum
1135 1231 1371 1268 sermonibus
1396 1230 1695 1278 oppositionibus
1719 1235 1758 1267 et

301 1291 607 1340 responsionibus
622 1303 689 1340 per
705 1293 805 1340 regia
827 1295 975 1328 statuta
997 1291 1190 1339 requisitis
1212 1290 1401 1327 sufficiant
1417 1291 1451 1326 ei
1474 1290 1521 1326 ad
1539 1289 1758 1326 intrandum

302 1351 341 1387 in
358 1362 464 1387 sacra
479 1351 666 1399 theologia

208 1410 348 1447 Eadem
365 1411 486 1458 gratia
501 1411 548 1448 de
561 1410 674 1448 verbo
687 1411 725 1448 in
743 1410 900 1448 verbum
913 1410 1132 1448 conceditur
1144 1410 1324 1457 magistro
1337 1410 1528 1458 Tompson
1545 1409 1591 1445 de
1607 1409 1760 1456 collegio

301 1469 462 1506 Joannis

209 1528 308 1564 Item
340 1528 558 1565 conceditur
587 1529 767 1576 magistro
802 1528 945 1565 Pedder
971 1531 1014 1565 vt
1042 1528 1212 1565 studium
1240 1531 1261 1566 7
1291 1540 1476 1564 annorum
1504 1528 1543 1563 in
1574 1527 1760 1574 theologia

303 1591 505 1635 postquam
526 1588 663 1624 rexerit
688 1588 727 1624 in
752 1587 899 1624 artibus
924 1600 998 1624 vna
1022 1600 1108 1624 cum
1133 1587 1369 1624 sermonibus
1393 1587 1697 1635 responsionibus
1722 1591 1760 1622 et

303 1645 388 1682 aliis
409 1645 596 1682 exercitiis
618 1646 811 1693 requisitis
828 1646 1018 1682 sufficiant
1034 1647 1067 1682 ei
1085 1646 1133 1682 ad
1150 1646 1416 1694 opponendum
1440 1646 1478 1682 in
1499 1646 1685 1693 theologia
1706 1647 1760 1682 sic

303 1705 403 1752 quod
420 1709 625 1752 antequam
648 1705 876 1748 admittatur
891 1705 1055 1752 deponat
1077 1706 1290 1742 cautionem
1312 1706 1448 1742 realem
1471 1709 1634 1753 quatuor
1650 1706 1760 1742 libra·

303 1774 388 1800 rum
404 1763 450 1799 de
467 1763 700 1810 perficiendis
716 1763 934 1811 exercitii[s]
954 1763 1134 1811 predictis
1149 1768 1238 1800 ante
1254 1764 1447 1800 commitia

211 1821 310 1858 Item
341 1821 560 1858 conceditur
587 1822 768 1869 magistro
803 1822 948 1870 Harrys
974 1825 1017 1858 vt
1043 1822 1212 1858 studium
1242 1824 1265 1858 6
1294 1834 1480 1858 annorum
1510 1822 1549 1857 in
1576 1822 1762 1868 theologia

304 1884 505 1929 postquam
534 1883 671 1918 rexerit
700 1894 786 1919 cum
813 1882 1050 1918 sermonibus
1074 1882 1382 1930 responsionibus
1406 1885 1444 1918 et
1468 1882 1552 1918 aliis
1576 1882 1762 1918 exercitiis

304 1939 496 1987 requisitis
513 1939 702 1976 sufficiant
718 1941 752 1977 ei
769 1941 816 1977 ad
835 1940 1099 1988 opponendum
1116 1941 1156 1977 in
1173 1941 1359 1988 theologia
1374 1941 1428 1977 sic
1441 1941 1541 1988 quod
1558 1944 1761 1987 antequam

304 1998 532 2035 admittatur
557 1999 723 2046 deponat
747 2000 884 2036 realem
910 2000 1122 2036 cautionem
1149 2004 1314 2048 quatuor
1338 2000 1520 2036 librarum
1549 2000 1596 2036 de
1620 2000 1762 2047 perfici·

305 2058 412 2095 endis
427 2059 615 2095 exercitiis
631 2058 811 2106 predictis
827 2063 915 2095 ante
932 2060 1126 2096 commitia

213 2118 312 2154 Item
333 2117 551 2154 conceditur
571 2117 693 2154 eidem
711 2121 753 2155 vt
775 2118 849 2154 due
873 2119 1069 2155 conciones
1093 2119 1140 2155 ad
1163 2130 1259 2166 quas
1281 2122 1432 2155 tenetur
1454 2119 1600 2155 racione
1623 2118 1760 2165 gradus

306 2177 637 2214 bacchalaureatus
662 2178 701 2214 in
726 2178 914 2225 theologia
938 2178 1164 2226 suscipiendi
1191 2178 1370 2226 proximis
1394 2178 1598 2214 commitiis
1621 2178 1760 2214 differri

306 2237 453 2284 possint
469 2237 508 2273 in
525 2237 738 2284 proximum
760 2249 903 2274 annum
921 2239 1099 2286 quoniam
1125 2242 1278 2285 propter
1298 2237 1547 2284 egritudinem
1564 2249 1640 2284 qua
1662 2250 1761 2274 nunc

307 2296 471 2342 graviter
495 2295 642 2332 laborat
673 2296 848 2343 desperat
880 2308 920 2333 se
952 2297 1102 2333 easdem
1136 2297 1310 2343 perficere
1342 2308 1450 2343 posse
1482 2297 1578 2333 citra
1610 2301 1762 2344 tempus

308 2354 557 2402 prescriptum
606 2355 668 2391 Sic
695 2355 795 2402 quod
825 2356 1068 2403 perficiantur
1092 2359 1180 2392 ante
1211 2355 1353 2392 Pascha
1377 2356 1588 2403 proximum
1639 2357 1762 2392 Morte

308 2416 504 2460 prereptus
527 2417 616 2450 ante
640 2414 836 2450 commitia

215 2471 313 2508 Item
329 2471 546 2508 conceditur
566 2473 746 2519 magistro
763 2473 919 2520 Wylson
942 2473 1085 2520 collegii
1108 2473 1266 2509 Joannis
1290 2476 1330 2508 vt
1352 2473 1522 2509 studium
1539 2475 1562 2509 6
1578 2485 1762 2510 annorum

298 2531 348 2566 ‘in
377 2530 493 2566 sacris
524 2531 644 2567 literis
670 2534 872 2578 postquam
906 2532 1042 2568 rexerit
1069 2543 1156 2568 cum
1184 2531 1331 2568 duabus
1363 2532 1663 2579 oppositionibus
1687 2533 1762 2569 iam

307 2588 449 2625 habitis
473 2592 512 2625 et
535 2601 622 2625 cum
648 2601 721 2625 vna
745 2590 985 2637 responsione
1010 2590 1190 2637 proximis
1214 2590 1418 2626 commitiis
1441 2590 1473 2626 si
1498 2591 1595 2627 alius
1617 2603 1691 2627 non
1712 2593 1762 2628 sit

308 2648 375 2695 qui
403 2647 626 2695 respondeat
650 2660 725 2684 vna
748 2660 835 2684 cum
868 2648 1044 2684 omnibus
1072 2649 1157 2684 aliis
1182 2649 1368 2685 exercitiis
1397 2661 1464 2696 per
1491 2653 1638 2686 statuta
1663 2652 1763 2697 regia.

309 2706 501 2754 requisitis
532 2711 621 2743 ante
658 2707 799 2743 festum
839 2707 980 2744 Pasche
1012 2708 1223 2755 proximum
1256 2708 1523 2756 perimplendis
1564 2708 1635 2744 sub
1667 2721 1763 2756 pena

309 2766 498 2802 caucionis
514 2765 559 2803 νυ
576 2766 747 2813 ponende
763 2767 802 2802 in
820 2766 996 2803 manibus
1011 2772 1294 2814 procuratorum
1310 2770 1515 2814 antequam
1536 2763 1764 2805 admittatur
1839 2789 1922 2823 W

309 2825 470 2861 sufficiat
479 2825 513 2861 ei
525 2828 603 2861 tam
617 2825 664 2861 ad
681 2826 945 2872 opponendum
961 2838 1077 2874 quam
1088 2826 1307 2863 intrandum
1320 2827 1358 2862 in
1372 2827 1560 2873 theologia
1610 2828 1762 2874 (Omnia
1811 2826 1879 2934 ἤ

310 2884 463 2931 peregit,
479 2884 642 2931 mryiu)
