2008 3294
130 162 350 218 1575-76]
429 200 437 206 .
712 172 863 204 GRAcm
894 171 1017 203 ΒοοΚ
1049 172 1079 203 Δ
1587 163 1667 204 291

611 448 858 492 Praeticans
889 448 935 491 in
971 447 1187 492 medicina

125 582 352 619 Conceditur
367 586 389 619 8
405 583 429 620 J
432 584 512 620 unii
532 584 641 620 Petro
659 583 784 620 Cottie
802 584 901 620 Italo
918 587 960 619 vt
981 583 1152 620 studium
1172 586 1212 620 et
1231 583 1398 631 practica
1424 589 1463 618 x⁰
1486 593 1673 619 annorum

220 642 258 678 in
281 642 466 679 medicina
487 643 650 679 sufficiat
672 644 706 679 ei
727 643 774 680 ad
797 643 1082 691 practicandum
1106 644 1145 679 in
1168 643 1300 679 eadem
1323 643 1377 678 sic
1401 646 1443 678 vt
1465 642 1569 690 prius
1593 643 1674 678 eius

221 700 381 737 eruditio
402 704 441 737 et
463 702 629 748 cognicio
647 703 883 738 examinetur
904 706 943 738 et
965 702 1195 749 approbetur
1220 714 1286 750 per
1309 702 1480 738 doctores
1506 702 1675 738 Hatcher

220 762 258 794 et
283 759 418 796 Warde
441 764 479 796 et
501 772 567 807 per
589 773 706 797 vnum
728 772 858 796 eorum
881 763 1119 808 presentetur
1141 760 1294 796 domino
1317 761 1618 797 vicecancellario
1635 761 1674 797 in

219 819 504 865 congregacione
520 821 730 866 regentium
748 823 786 856 et
799 832 912 867 super
924 820 994 856 hac
1007 824 1132 856 vestra
1145 821 1383 856 concessione
1395 821 1525 856 literas
1537 820 1674 856 habeat

219 877 400 924 sigillatas
424 879 545 925 sigillo
570 882 694 915 vestro
720 880 910 916 communi
978 880 1223 916 Presentatus
1249 892 1316 927 per
1339 880 1531 916 doctorem
1558 879 1673 916 Ward

222 939 243 970 5
268 936 292 971 J
296 937 361 973 ulii

127 995 353 1032 Conceditur
370 1000 415 1033 24
433 997 607 1034 Octobris
626 997 791 1034 Roberto
807 998 952 1034 Chever
969 998 1007 1034 in
1024 998 1217 1034 academia
1240 998 1445 1034 Oxoniensi
1467 998 1505 1034 in
1526 998 1672 1034 artibus

221 1055 400 1101 magistro
416 1058 459 1091 vt
474 1056 524 1092 sit
541 1056 602 1092 hic
618 1056 719 1103 apud
738 1068 803 1092 vos
823 1057 863 1092 in
884 1056 1040 1093 eiisdem
1059 1055 1178 1102 gradu
1198 1055 1329 1092 ordine
1352 1059 1392 1092 et
1413 1068 1512 1092 anno
1534 1056 1673 1104 quibus

220 1113 319 1149 fuit'
310 1126 349 1150 m
364 1114 466 1151 dicta
482 1114 675 1151 academia
692 1114 897 1151 oxoniensi

126 1171 267 1208 Eodem
296 1173 426 1209 eadem
457 1173 579 1220 gratia
609 1174 828 1210 conceditur
860 1173 1048 1231 Willelmo
1082 1173 1278 1221 Mydleton
1312 1177 1351 1210 et
1384 1177 1422 1210 2⁰
1455 1174 1672 1211 Decembris

223 1230 381 1268 Ricardo
405 1232 567 1280 Spenser

126 1289 352 1327 Conceditur
380 1293 402 1326 3
431 1291 622 1328 Februarii
656 1293 836 1339 magistro
871 1293 982 1329 Petro
1017 1293 1188 1329 Barrowe
1222 1295 1394 1340 promoto
1426 1294 1591 1341 primum
1624 1293 1671 1330 ad

220 1349 377 1394 gradum
411 1349 667 1386 bacchalaurei
696 1351 831 1387 deinde
861 1352 1077 1387 licentiatus
1106 1353 1145 1387 in
1169 1352 1255 1399 jure
1283 1352 1384 1388 civili
1415 1353 1453 1388 in
1482 1352 1673 1389 academia

223 1407 447 1444 Bituricensi
463 1412 503 1444 vt
520 1409 571 1444 sit
588 1409 648 1444 hic
665 1410 765 1456 apud
781 1421 846 1445 vos
863 1410 901 1446 in
918 1410 1073 1446 eiisdem
1091 1410 1209 1457 gradu
1222 1411 1351 1447 ordine
1367 1414 1406 1446 et
1422 1422 1521 1447 anno
1533 1411 1672 1458 quibus

220 1466 293 1502 fuit
309 1467 348 1502 in
364 1467 467 1504 dicta
482 1468 675 1505 academia
693 1469 920 1506 Bituricensi
973 1470 1217 1506 presentatus
1234 1482 1301 1518 per
1316 1470 1506 1507 doctorem
1525 1471 1641 1518 Binge

564 1739 911 1783 Bacchalaureus
943 1740 986 1783 in
1020 1741 1236 1784 medicina
1690 1749 1714 1786 f.
1742 1748 1817 1786 118
1839 1748 1863 1784 b

126 1868 353 1904 Conceditur
372 1871 411 1904 11
434 1869 524 1905 Maii
543 1869 600 1905 Jo.
622 1869 783 1917 Bishope
807 1874 848 1906 vt
868 1870 1038 1906 studium
1063 1873 1084 1908 7
1107 1882 1294 1907 annorum
1317 1871 1356 1907 in
1377 1871 1563 1908 medicina
1585 1885 1671 1909 cum

219 1929 520 1975 opposicionibus
537 1930 843 1976 responsionibus
860 1934 899 1965 et
916 1930 1001 1966 aliis
1023 1931 1210 1966 exercitiis
1227 1942 1294 1978 per
1309 1934 1457 1967 statuta
1480 1933 1673 1979 requisitis

221 1988 382 2024 sufficiat
408 1989 442 2024 ei
476 1989 523 2025 ad
556 1989 775 2025 intrandum
802 1990 839 2026 in
867 1991 1053 2026 medicina
1077 1991 1130 2026 sic
1156 1994 1199 2027 vt
1224 1991 1449 2038 respondeat
1475 1992 1512 2027 iu
1539 1992 1672 2029 habitu

221 2047 475 2084 bacchalaurei
526 2049 770 2086 Presentatus
787 2062 853 2097 per
868 2050 1058 2086 doctorem
1079 2051 1230 2098 Lorkyn

630 2317 838 2360 Doctores
869 2317 913 2360 in
947 2318 1164 2362 medicina

127 2442 352 2478 Conceditur
377 2444 396 2480 7
425 2443 553 2479 Martii
578 2444 757 2490 magistro
783 2444 884 2480 Edw.
913 2444 1062 2491 Doding
1091 2448 1134 2481 vt
1162 2446 1334 2482 studium
1365 2449 1385 2484 7
1415 2458 1602 2483 annorum
1633 2448 1672 2482 in

220 2501 405 2538 medicina
437 2507 639 2549 postquam
671 2504 809 2540 rexerit
834 2504 873 2540 in
898 2504 1047 2540 artibus
1071 2517 1158 2541 cum
1184 2505 1490 2553 opposicionibus
1521 2518 1670 2553 respon-

219 2560 387 2596 sionibus
403 2564 441 2596 et
457 2561 541 2597 aliis
557 2563 744 2599 exercitiis
762 2575 827 2610 per
843 2567 992 2599 statuta
1008 2564 1202 2611 requisitis
1224 2565 1388 2601 sufficiat
1411 2566 1444 2601 ei
1468 2565 1515 2602 ad
1540 2566 1670 2613 incipi-

221 2620 357 2655 endum
376 2620 414 2656 in
433 2621 562 2657 eadem
580 2622 761 2659 facultate

128 2678 268 2714 Eadem
301 2680 422 2724 gratia
452 2680 669 2717 conceditur
700 2681 830 2718 eodem
864 2682 1044 2728 magistro
1079 2683 1280 2719 Lanceloto
1314 2684 1464 2720 Broune
1528 2687 1551 2720 4
1579 2685 1670 2721 Maii

221 2749 305 2783 mag
289 2738 399 2773 istro
416 2738 506 2774 Tho.
525 2739 642 2776 Wood
659 2743 699 2776 et
715 2741 895 2788 magistro
915 2741 1176 2778 Bai-tholomeo
1195 2743 1321 2779 Heath
1374 2744 1583 2779 Presentati
1607 2757 1673 2791 per

221 2795 411 2832 doctorem
430 2796 580 2846 Lorkyu

1433 2947 1562 2985 19—2
