<?xml version="1.0" encoding="UTF-8"?>
<!DOCTYPE html PUBLIC "-//W3C//DTD XHTML 1.0 Transitional//EN"
    "http://www.w3.org/TR/xhtml1/DTD/xhtml1-transitional.dtd">
<html xmlns="http://www.w3.org/1999/xhtml" xml:lang="en" lang="en">
 <head>
  <title>
</title>
<meta http-equiv="Content-Type" content="text/html;charset=utf-8" />
  <meta name='ocr-system' content='tesseract 3.04.00' />
  <meta name='ocr-capabilities' content='ocr_page ocr_carea ocr_par ocr_line ocrx_word'/>
</head>
<body>
  <div class='ocr_page' id='page_1' title='image "./gracebookdeltaco00univuoft_0104.png"; bbox 0 0 2046 3224; ppageno 0'>
   <div class='ocr_carea' id='block_1_1' title="bbox 375 166 1921 222">
    <p class='ocr_par' dir='ltr' id='par_1_1' title="bbox 375 166 1921 222">
     <span class='ocr_line' id='line_1_1' title="bbox 375 166 1921 222; baseline -0.002 -12"><span class='ocrx_word' id='word_1_1' title='bbox 375 167 431 210; x_wconf 86' lang='lat'>70</span> <span class='ocrx_word' id='word_1_2' title='bbox 975 176 1127 209; x_wconf 70' lang='lat' dir='ltr'>emon</span> <span class='ocrx_word' id='word_1_3' title='bbox 1156 176 1280 209; x_wconf 79' lang='lat' dir='ltr'><strong>BOOK</strong></span> <span class='ocrx_word' id='word_1_4' title='bbox 1312 178 1342 209; x_wconf 80' lang='grc' dir='ltr'><strong>Δ</strong></span> <span class='ocrx_word' id='word_1_5' title='bbox 1703 166 1921 222; x_wconf 83' lang='grc'>[1550-51</span> 
     </span>
    </p>
   </div>
   <div class='ocr_carea' id='block_1_2' title="bbox 376 277 1929 562">
    <p class='ocr_par' dir='ltr' id='par_1_2' title="bbox 376 277 1928 444">
     <span class='ocr_line' id='line_1_2' title="bbox 376 277 1928 326; baseline -0.002 -11"><span class='ocrx_word' id='word_1_6' title='bbox 376 279 475 315; x_wconf 90' lang='lat' dir='ltr'>Item</span> <span class='ocrx_word' id='word_1_7' title='bbox 492 279 710 316; x_wconf 86' lang='lat' dir='ltr'>conceditur</span> <span class='ocrx_word' id='word_1_8' title='bbox 725 279 749 315; x_wconf 89' lang='lat' dir='ltr'><strong>J</strong></span> <span class='ocrx_word' id='word_1_9' title='bbox 751 279 864 315; x_wconf 83' lang='lat' dir='ltr'>oanni</span> <span class='ocrx_word' id='word_1_10' title='bbox 883 279 1100 315; x_wconf 89' lang='lat' dir='ltr'>Kettleston</span> <span class='ocrx_word' id='word_1_11' title='bbox 1116 282 1159 315; x_wconf 86' lang='lat' dir='ltr'>vt</span> <span class='ocrx_word' id='word_1_12' title='bbox 1176 281 1199 316; x_wconf 90' lang='lat'><strong>9</strong></span> <span class='ocrx_word' id='word_1_13' title='bbox 1215 280 1368 316; x_wconf 89' lang='lat' dir='ltr'>termini</span> <span class='ocrx_word' id='word_1_14' title='bbox 1385 279 1562 326; x_wconf 88' lang='lat' dir='ltr'>completi</span> <span class='ocrx_word' id='word_1_15' title='bbox 1579 290 1666 315; x_wconf 92' lang='lat' dir='ltr'>cum</span> <span class='ocrx_word' id='word_1_16' title='bbox 1686 277 1928 326; x_wconf 86' lang='lat' dir='ltr'>oppositioni-</span> 
     </span>
     <span class='ocr_line' id='line_1_3' title="bbox 472 336 1926 385; baseline -0.001 -11"><span class='ocrx_word' id='word_1_17' title='bbox 472 338 542 374; x_wconf 89' lang='lat' dir='ltr'>bus</span> <span class='ocrx_word' id='word_1_18' title='bbox 558 342 597 373; x_wconf 89' lang='lat' dir='ltr'>et</span> <span class='ocrx_word' id='word_1_19' title='bbox 613 338 917 385; x_wconf 76' lang='lat' dir='ltr'>responsionibus</span> <span class='ocrx_word' id='word_1_20' title='bbox 933 339 1039 374; x_wconf 82' lang='lat' dir='ltr'>iuxta</span> <span class='ocrx_word' id='word_1_21' title='bbox 1055 338 1213 374; x_wconf 84' lang='lat' dir='ltr'>formam</span> <span class='ocrx_word' id='word_1_22' title='bbox 1231 339 1369 374; x_wconf 83' lang='lat' dir='ltr'>statuti</span> <span class='ocrx_word' id='word_1_23' title='bbox 1387 338 1578 385; x_wconf 76' lang='lat' dir='ltr'>requisitis</span> <span class='ocrx_word' id='word_1_24' title='bbox 1594 338 1784 374; x_wconf 86' lang='lat' dir='ltr'>sufficiant</span> <span class='ocrx_word' id='word_1_25' title='bbox 1799 336 1833 372; x_wconf 92' lang='lat' dir='ltr'>ei</span> <span class='ocrx_word' id='word_1_26' title='bbox 1851 336 1926 372; x_wconf 81' lang='lat' dir='ltr'>iam</span> 
     </span>
     <span class='ocr_line' id='line_1_4' title="bbox 471 396 1431 444; baseline 0.001 -12"><span class='ocrx_word' id='word_1_27' title='bbox 471 396 659 432; x_wconf 89' lang='lat' dir='ltr'>decimum</span> <span class='ocrx_word' id='word_1_28' title='bbox 676 397 841 444; x_wconf 88' lang='lat' dir='ltr'>ingresso</span> <span class='ocrx_word' id='word_1_29' title='bbox 858 397 905 433; x_wconf 77' lang='lat' dir='ltr'>nd</span> <span class='ocrx_word' id='word_1_30' title='bbox 923 397 1224 444; x_wconf 89' lang='lat' dir='ltr'>respondendum</span> <span class='ocrx_word' id='word_1_31' title='bbox 1242 396 1431 444; x_wconf 89' lang='lat' dir='ltr'>questioni</span> 
     </span>
    </p>

    <p class='ocr_par' dir='ltr' id='par_1_3' title="bbox 379 453 1929 562">
     <span class='ocr_line' id='line_1_5' title="bbox 379 453 1928 502; baseline -0.002 -11"><span class='ocrx_word' id='word_1_32' title='bbox 379 455 477 491; x_wconf 86' lang='lat' dir='ltr'>Item</span> <span class='ocrx_word' id='word_1_33' title='bbox 496 467 718 492; x_wconf 86' lang='lat' dir='ltr'>concessum</span> <span class='ocrx_word' id='word_1_34' title='bbox 734 460 793 492; x_wconf 91' lang='lat' dir='ltr'>est</span> <span class='ocrx_word' id='word_1_35' title='bbox 809 456 930 492; x_wconf 89' lang='lat' dir='ltr'>eidem</span> <span class='ocrx_word' id='word_1_36' title='bbox 948 458 991 492; x_wconf 92' lang='lat' dir='ltr'>vt</span> <span class='ocrx_word' id='word_1_37' title='bbox 1007 467 1141 492; x_wconf 88' lang='lat' dir='ltr'>novem</span> <span class='ocrx_word' id='word_1_38' title='bbox 1163 456 1316 492; x_wconf 89' lang='lat' dir='ltr'>termini</span> <span class='ocrx_word' id='word_1_39' title='bbox 1339 467 1425 492; x_wconf 89' lang='lat' dir='ltr'>cum</span> <span class='ocrx_word' id='word_1_40' title='bbox 1448 467 1491 491; x_wconf 91' lang='lat' dir='ltr'>eo</span> <span class='ocrx_word' id='word_1_41' title='bbox 1514 455 1552 491; x_wconf 90' lang='lat' dir='ltr'>in</span> <span class='ocrx_word' id='word_1_42' title='bbox 1577 467 1653 502; x_wconf 93' lang='lat' dir='ltr'>quo</span> <span class='ocrx_word' id='word_1_43' title='bbox 1674 458 1733 491; x_wconf 86' lang='lat' dir='ltr'>est</span> <span class='ocrx_word' id='word_1_44' title='bbox 1754 453 1928 491; x_wconf 86' lang='lat' dir='ltr'>determi-</span> 
     </span>
     <span class='ocr_line' id='line_1_6' title="bbox 473 513 1929 562; baseline -0.002 -12"><span class='ocrx_word' id='word_1_45' title='bbox 473 517 632 550; x_wconf 81' lang='lat' dir='ltr'>naturus</span> <span class='ocrx_word' id='word_1_46' title='bbox 648 526 734 550; x_wconf 93' lang='lat' dir='ltr'>cum</span> <span class='ocrx_word' id='word_1_47' title='bbox 751 514 927 550; x_wconf 88' lang='lat' dir='ltr'>omnibus</span> <span class='ocrx_word' id='word_1_48' title='bbox 943 514 1244 562; x_wconf 90' lang='lat' dir='ltr'>oppositionibus</span> <span class='ocrx_word' id='word_1_49' title='bbox 1265 517 1304 551; x_wconf 88' lang='lat' dir='ltr'>et</span> <span class='ocrx_word' id='word_1_50' title='bbox 1324 514 1628 561; x_wconf 83' lang='lat' dir='ltr'>responsionibus</span> <span class='ocrx_word' id='word_1_51' title='bbox 1650 514 1755 550; x_wconf 84' lang='lat' dir='ltr'>iuxta</span> <span class='ocrx_word' id='word_1_52' title='bbox 1771 513 1929 549; x_wconf 86' lang='lat' dir='ltr'>formam</span> 
     </span>
    </p>
   </div>
   <div class='ocr_carea' id='block_1_3' title="bbox 472 571 1930 679">
    <p class='ocr_par' dir='ltr' id='par_1_4' title="bbox 472 571 1930 679">
     <span class='ocr_line' id='line_1_7' title="bbox 472 571 1930 621; baseline -0.001 -13"><span class='ocrx_word' id='word_1_53' title='bbox 472 574 608 609; x_wconf 84' lang='lat' dir='ltr'>statuti</span> <span class='ocrx_word' id='word_1_54' title='bbox 634 574 826 620; x_wconf 84' lang='lat' dir='ltr'>requisitis</span> <span class='ocrx_word' id='word_1_55' title='bbox 850 574 904 610; x_wconf 86' lang='lat' dir='ltr'>sic</span> <span class='ocrx_word' id='word_1_56' title='bbox 928 578 970 610; x_wconf 83' lang='lat' dir='ltr'>vt</span> <span class='ocrx_word' id='word_1_57' title='bbox 994 574 1076 610; x_wconf 91' lang='lat' dir='ltr'>eius</span> <span class='ocrx_word' id='word_1_58' title='bbox 1098 574 1261 610; x_wconf 85' lang='lat' dir='ltr'>eruditio</span> <span class='ocrx_word' id='word_1_59' title='bbox 1284 573 1514 621; x_wconf 79' lang='lat' dir='ltr'>approbetur</span> <span class='ocrx_word' id='word_1_60' title='bbox 1538 574 1588 610; x_wconf 83' lang='lat' dir='ltr'>ab</span> <span class='ocrx_word' id='word_1_61' title='bbox 1611 571 1930 610; x_wconf 84' lang='lat' dir='ltr'>examinatoribus</span> 
     </span>
     <span class='ocr_line' id='line_1_8' title="bbox 472 632 1298 679; baseline 0.001 -12"><span class='ocrx_word' id='word_1_62' title='bbox 472 632 661 668; x_wconf 83' lang='lat' dir='ltr'>sufficiant</span> <span class='ocrx_word' id='word_1_63' title='bbox 677 633 711 668; x_wconf 91' lang='lat' dir='ltr'>ei</span> <span class='ocrx_word' id='word_1_64' title='bbox 727 632 774 668; x_wconf 83' lang='lat' dir='ltr'>ad</span> <span class='ocrx_word' id='word_1_65' title='bbox 792 632 1093 679; x_wconf 87' lang='lat' dir='ltr'>respondendum</span> <span class='ocrx_word' id='word_1_66' title='bbox 1110 632 1298 679; x_wconf 89' lang='lat' dir='ltr'>questioni</span> 
     </span>
    </p>
   </div>
   <div class='ocr_carea' id='block_1_4' title="bbox 218 729 1934 1060">
    <p class='ocr_par' dir='ltr' id='par_1_5' title="bbox 218 729 1934 954">
     <span class='ocr_line' id='line_1_9' title="bbox 218 729 1928 778; baseline -0.002 -11"><span class='ocrx_word' id='word_1_67' title='bbox 218 730 244 767; x_wconf 84' lang='lat' dir='ltr'>f.</span> <span class='ocrx_word' id='word_1_68' title='bbox 267 729 317 766; x_wconf 84' lang='lat'>29</span> <span class='ocrx_word' id='word_1_69' title='bbox 338 741 362 766; x_wconf 88' lang='lat' dir='ltr'>a</span> <span class='ocrx_word' id='word_1_70' title='bbox 380 730 479 765; x_wconf 88' lang='lat' dir='ltr'>Item</span> <span class='ocrx_word' id='word_1_71' title='bbox 504 729 721 766; x_wconf 83' lang='lat' dir='ltr'>conceditur</span> <span class='ocrx_word' id='word_1_72' title='bbox 738 730 926 766; x_wconf 82' lang='lat' dir='ltr'>Richardo</span> <span class='ocrx_word' id='word_1_73' title='bbox 942 731 1094 766; x_wconf 90' lang='lat' dir='ltr'>Worme</span> <span class='ocrx_word' id='word_1_74' title='bbox 1115 734 1157 767; x_wconf 88' lang='lat' dir='ltr'>vt</span> <span class='ocrx_word' id='word_1_75' title='bbox 1176 733 1215 767; x_wconf 96' lang='lat' dir='ltr'>ll</span> <span class='ocrx_word' id='word_1_76' title='bbox 1242 731 1395 767; x_wconf 90' lang='lat' dir='ltr'>termini</span> <span class='ocrx_word' id='word_1_77' title='bbox 1413 743 1499 767; x_wconf 91' lang='lat' dir='ltr'>cum</span> <span class='ocrx_word' id='word_1_78' title='bbox 1526 743 1570 767; x_wconf 90' lang='lat' dir='ltr'>eo</span> <span class='ocrx_word' id='word_1_79' title='bbox 1594 731 1634 767; x_wconf 89' lang='lat' dir='ltr'>in</span> <span class='ocrx_word' id='word_1_80' title='bbox 1657 743 1732 778; x_wconf 90' lang='lat' dir='ltr'>quo</span> <span class='ocrx_word' id='word_1_81' title='bbox 1754 729 1928 766; x_wconf 86' lang='lat' dir='ltr'>determi-</span> 
     </span>
     <span class='ocr_line' id='line_1_10' title="bbox 474 789 1931 836; baseline -0.001 -12"><span class='ocrx_word' id='word_1_82' title='bbox 474 794 634 825; x_wconf 86' lang='lat' dir='ltr'>naturus</span> <span class='ocrx_word' id='word_1_83' title='bbox 658 793 717 825; x_wconf 86' lang='lat' dir='ltr'>est</span> <span class='ocrx_word' id='word_1_84' title='bbox 741 790 779 825; x_wconf 92' lang='lat' dir='ltr'>in</span> <span class='ocrx_word' id='word_1_85' title='bbox 805 789 945 836; x_wconf 90' lang='lat' dir='ltr'>quibus</span> <span class='ocrx_word' id='word_1_86' title='bbox 967 789 1146 826; x_wconf 88' lang='lat' dir='ltr'>lectiones</span> <span class='ocrx_word' id='word_1_87' title='bbox 1168 790 1377 826; x_wconf 87' lang='lat' dir='ltr'>ordinarias</span> <span class='ocrx_word' id='word_1_88' title='bbox 1400 791 1549 827; x_wconf 84' lang='lat' dir='ltr'>audiuit</span> <span class='ocrx_word' id='word_1_89' title='bbox 1571 791 1659 826; x_wconf 91' lang='lat' dir='ltr'>licet</span> <span class='ocrx_word' id='word_1_90' title='bbox 1680 802 1755 826; x_wconf 93' lang='lat' dir='ltr'>non</span> <span class='ocrx_word' id='word_1_91' title='bbox 1778 789 1931 825; x_wconf 89' lang='lat' dir='ltr'>omnino</span> 
     </span>
     <span class='ocr_line' id='line_1_11' title="bbox 475 846 1934 895; baseline 0 -13"><span class='ocrx_word' id='word_1_92' title='bbox 475 846 682 883; x_wconf 87' lang='lat' dir='ltr'>secundum</span> <span class='ocrx_word' id='word_1_93' title='bbox 706 847 866 882; x_wconf 81' lang='lat' dir='ltr'>formam</span> <span class='ocrx_word' id='word_1_94' title='bbox 891 847 1029 883; x_wconf 85' lang='lat' dir='ltr'>statuti</span> <span class='ocrx_word' id='word_1_95' title='bbox 1052 859 1138 883; x_wconf 90' lang='lat' dir='ltr'>cum</span> <span class='ocrx_word' id='word_1_96' title='bbox 1162 847 1461 894; x_wconf 89' lang='lat' dir='ltr'>oppositionibus</span> <span class='ocrx_word' id='word_1_97' title='bbox 1481 850 1522 884; x_wconf 89' lang='lat' dir='ltr'>et</span> <span class='ocrx_word' id='word_1_98' title='bbox 1543 846 1848 895; x_wconf 84' lang='lat' dir='ltr'>responsionibus</span> <span class='ocrx_word' id='word_1_99' title='bbox 1867 857 1934 893; x_wconf 84' lang='lat' dir='ltr'>per</span> 
     </span>
     <span class='ocr_line' id='line_1_12' title="bbox 474 907 1790 954; baseline 0 -12"><span class='ocrx_word' id='word_1_100' title='bbox 474 907 575 953; x_wconf 84' lang='lat' dir='ltr'>regia</span> <span class='ocrx_word' id='word_1_101' title='bbox 591 910 738 943; x_wconf 82' lang='lat' dir='ltr'>statuta</span> <span class='ocrx_word' id='word_1_102' title='bbox 754 907 947 953; x_wconf 88' lang='lat' dir='ltr'>requisitis</span> <span class='ocrx_word' id='word_1_103' title='bbox 964 907 1152 943; x_wconf 86' lang='lat' dir='ltr'>sufficiant</span> <span class='ocrx_word' id='word_1_104' title='bbox 1169 907 1202 943; x_wconf 91' lang='lat' dir='ltr'>ei</span> <span class='ocrx_word' id='word_1_105' title='bbox 1220 907 1267 943; x_wconf 89' lang='lat' dir='ltr'>ad</span> <span class='ocrx_word' id='word_1_106' title='bbox 1285 907 1585 954; x_wconf 87' lang='lat' dir='ltr'>respondendum</span> <span class='ocrx_word' id='word_1_107' title='bbox 1603 907 1790 954; x_wconf 87' lang='lat' dir='ltr'>questioni</span> 
     </span>
    </p>

    <p class='ocr_par' dir='ltr' id='par_1_6' title="bbox 382 965 1934 1060">
     <span class='ocr_line' id='line_1_13' title="bbox 382 965 1934 1013; baseline -0.001 -12"><span class='ocrx_word' id='word_1_108' title='bbox 382 966 480 1002; x_wconf 86' lang='lat' dir='ltr'>Item</span> <span class='ocrx_word' id='word_1_109' title='bbox 506 965 723 1001; x_wconf 87' lang='lat' dir='ltr'>conceditur</span> <span class='ocrx_word' id='word_1_110' title='bbox 746 965 898 1001; x_wconf 82' lang='lat' dir='ltr'>Matheo</span> <span class='ocrx_word' id='word_1_111' title='bbox 922 965 1049 1002; x_wconf 84' lang='lat' dir='ltr'>Carew</span> <span class='ocrx_word' id='word_1_112' title='bbox 1071 968 1115 1001; x_wconf 87' lang='lat' dir='ltr'>vt</span> <span class='ocrx_word' id='word_1_113' title='bbox 1136 965 1334 1001; x_wconf 88' lang='lat' dir='ltr'>duodecim</span> <span class='ocrx_word' id='word_1_114' title='bbox 1359 966 1513 1002; x_wconf 84' lang='lat' dir='ltr'>termini</span> <span class='ocrx_word' id='word_1_115' title='bbox 1536 966 1711 1013; x_wconf 84' lang='lat' dir='ltr'>completi</span> <span class='ocrx_word' id='word_1_116' title='bbox 1734 967 1773 1001; x_wconf 93' lang='lat' dir='ltr'>in</span> <span class='ocrx_word' id='word_1_117' title='bbox 1795 965 1934 1012; x_wconf 88' lang='lat' dir='ltr'>quibus</span> 
     </span>
     <span class='ocr_line' id='line_1_14' title="bbox 476 1023 1934 1060; baseline -0.001 0"><span class='ocrx_word' id='word_1_118' title='bbox 476 1024 653 1060; x_wconf 57' lang='lat' dir='ltr'>lectiones</span> <span class='ocrx_word' id='word_1_119' title='bbox 691 1023 899 1060; x_wconf 86' lang='lat' dir='ltr'>ordinarias</span> <span class='ocrx_word' id='word_1_120' title='bbox 931 1023 1081 1060; x_wconf 90' lang='lat' dir='ltr'>audiuit</span> <span class='ocrx_word' id='word_1_121' title='bbox 1113 1024 1202 1060; x_wconf 87' lang='lat' dir='ltr'>licet</span> <span class='ocrx_word' id='word_1_122' title='bbox 1234 1035 1309 1059; x_wconf 91' lang='lat' dir='ltr'>non</span> <span class='ocrx_word' id='word_1_123' title='bbox 1349 1024 1502 1060; x_wconf 91' lang='lat' dir='ltr'>omnino</span> <span class='ocrx_word' id='word_1_124' title='bbox 1535 1023 1741 1060; x_wconf 89' lang='lat' dir='ltr'>secundum</span> <span class='ocrx_word' id='word_1_125' title='bbox 1774 1023 1934 1060; x_wconf 82' lang='lat' dir='ltr'>formam</span> 
     </span>
    </p>
   </div>
   <div class='ocr_carea' id='block_1_5' title="bbox 383 1082 1941 2311">
    <p class='ocr_par' dir='ltr' id='par_1_7' title="bbox 476 1082 1935 1187">
     <span class='ocr_line' id='line_1_15' title="bbox 476 1082 1935 1130; baseline -0.001 -12"><span class='ocrx_word' id='word_1_126' title='bbox 476 1083 612 1119; x_wconf 84' lang='lat' dir='ltr'>statuti</span> <span class='ocrx_word' id='word_1_127' title='bbox 629 1094 715 1119; x_wconf 88' lang='lat' dir='ltr'>cum</span> <span class='ocrx_word' id='word_1_128' title='bbox 738 1082 1039 1129; x_wconf 88' lang='lat' dir='ltr'>oppositionibus</span> <span class='ocrx_word' id='word_1_129' title='bbox 1061 1082 1366 1129; x_wconf 89' lang='lat' dir='ltr'>responsionibus</span> <span class='ocrx_word' id='word_1_130' title='bbox 1383 1086 1422 1119; x_wconf 83' lang='lat' dir='ltr'>et</span> <span class='ocrx_word' id='word_1_131' title='bbox 1444 1083 1529 1119; x_wconf 88' lang='lat' dir='ltr'>aliis</span> <span class='ocrx_word' id='word_1_132' title='bbox 1551 1082 1737 1119; x_wconf 88' lang='lat' dir='ltr'>exercitiis</span> <span class='ocrx_word' id='word_1_133' title='bbox 1754 1094 1820 1130; x_wconf 85' lang='lat' dir='ltr'>per</span> <span class='ocrx_word' id='word_1_134' title='bbox 1835 1082 1935 1128; x_wconf 83' lang='lat' dir='ltr'>regia</span> 
     </span>
     <span class='ocr_line' id='line_1_16' title="bbox 476 1139 1675 1187; baseline 0 -11"><span class='ocrx_word' id='word_1_135' title='bbox 476 1143 625 1176; x_wconf 83' lang='lat' dir='ltr'>statuta</span> <span class='ocrx_word' id='word_1_136' title='bbox 640 1139 831 1186; x_wconf 89' lang='lat' dir='ltr'>requisitis</span> <span class='ocrx_word' id='word_1_137' title='bbox 848 1139 1038 1176; x_wconf 82' lang='lat' dir='ltr'>sufficiant</span> <span class='ocrx_word' id='word_1_138' title='bbox 1053 1140 1087 1176; x_wconf 90' lang='lat' dir='ltr'>ei</span> <span class='ocrx_word' id='word_1_139' title='bbox 1103 1139 1152 1176; x_wconf 83' lang='lat' dir='ltr'>ad</span> <span class='ocrx_word' id='word_1_140' title='bbox 1169 1140 1469 1187; x_wconf 86' lang='lat' dir='ltr'>respondendum</span> <span class='ocrx_word' id='word_1_141' title='bbox 1486 1139 1675 1187; x_wconf 88' lang='lat' dir='ltr'>questioni</span> 
     </span>
    </p>

    <p class='ocr_par' dir='ltr' id='par_1_8' title="bbox 383 1197 1936 1365">
     <span class='ocr_line' id='line_1_17' title="bbox 383 1197 1935 1246; baseline -0.001 -11"><span class='ocrx_word' id='word_1_142' title='bbox 383 1199 525 1236; x_wconf 84' lang='lat' dir='ltr'>Eadem</span> <span class='ocrx_word' id='word_1_143' title='bbox 554 1199 675 1246; x_wconf 83' lang='lat' dir='ltr'>gratia</span> <span class='ocrx_word' id='word_1_144' title='bbox 697 1199 745 1235; x_wconf 90' lang='lat' dir='ltr'>de</span> <span class='ocrx_word' id='word_1_145' title='bbox 769 1198 881 1235; x_wconf 88' lang='lat' dir='ltr'>verbo</span> <span class='ocrx_word' id='word_1_146' title='bbox 907 1199 946 1235; x_wconf 92' lang='lat' dir='ltr'>in</span> <span class='ocrx_word' id='word_1_147' title='bbox 972 1199 1128 1236; x_wconf 89' lang='lat' dir='ltr'>verbum</span> <span class='ocrx_word' id='word_1_148' title='bbox 1154 1199 1371 1236; x_wconf 83' lang='lat' dir='ltr'>conceditur</span> <span class='ocrx_word' id='word_1_149' title='bbox 1399 1199 1557 1246; x_wconf 82' lang='lat' dir='ltr'>Georgio</span> <span class='ocrx_word' id='word_1_150' title='bbox 1583 1198 1767 1245; x_wconf 84' lang='lat' dir='ltr'>Hawsope</span> <span class='ocrx_word' id='word_1_151' title='bbox 1794 1198 1818 1234; x_wconf 91' lang='lat' dir='ltr'><strong>J</strong></span> <span class='ocrx_word' id='word_1_152' title='bbox 1821 1197 1935 1234; x_wconf 85' lang='lat' dir='ltr'>acobo</span> 
     </span>
     <span class='ocr_line' id='line_1_18' title="bbox 477 1258 1936 1307; baseline -0.001 -13"><span class='ocrx_word' id='word_1_153' title='bbox 477 1258 749 1305; x_wconf 86' lang='lat' dir='ltr'>Weshingtono</span> <span class='ocrx_word' id='word_1_154' title='bbox 765 1259 909 1295; x_wconf 88' lang='lat' dir='ltr'>Thome</span> <span class='ocrx_word' id='word_1_155' title='bbox 926 1259 1061 1307; x_wconf 82' lang='lat' dir='ltr'>Colyer</span> <span class='ocrx_word' id='word_1_156' title='bbox 1081 1259 1281 1295; x_wconf 85' lang='lat' dir='ltr'>Edouardo</span> <span class='ocrx_word' id='word_1_157' title='bbox 1304 1258 1445 1295; x_wconf 86' lang='lat' dir='ltr'>Webbe</span> <span class='ocrx_word' id='word_1_158' title='bbox 1461 1258 1605 1295; x_wconf 91' lang='lat' dir='ltr'>Thome</span> <span class='ocrx_word' id='word_1_159' title='bbox 1628 1258 1876 1306; x_wconf 88' lang='lat' dir='ltr'>Dyckensono</span> <span class='ocrx_word' id='word_1_160' title='bbox 1897 1260 1936 1293; x_wconf 86' lang='lat' dir='ltr'>et</span> 
     </span>
     <span class='ocr_line' id='line_1_19' title="bbox 478 1318 764 1365; baseline 0 -11"><span class='ocrx_word' id='word_1_161' title='bbox 478 1318 621 1354; x_wconf 89' lang='lat' dir='ltr'>Thome</span> <span class='ocrx_word' id='word_1_162' title='bbox 639 1318 764 1365; x_wconf 86' lang='lat' dir='ltr'>Degge</span> 
     </span>
    </p>

    <p class='ocr_par' dir='ltr' id='par_1_9' title="bbox 386 1375 1937 1601">
     <span class='ocr_line' id='line_1_20' title="bbox 386 1375 1936 1424; baseline -0.002 -10"><span class='ocrx_word' id='word_1_163' title='bbox 386 1378 482 1415; x_wconf 90' lang='lat' dir='ltr'>Item</span> <span class='ocrx_word' id='word_1_164' title='bbox 517 1377 734 1414; x_wconf 87' lang='lat' dir='ltr'>conceditur</span> <span class='ocrx_word' id='word_1_165' title='bbox 767 1377 954 1414; x_wconf 80' lang='lat' dir='ltr'>Richando</span> <span class='ocrx_word' id='word_1_166' title='bbox 986 1378 1140 1414; x_wconf 87' lang='lat' dir='ltr'>Asteleo</span> <span class='ocrx_word' id='word_1_167' title='bbox 1173 1380 1215 1414; x_wconf 86' lang='lat' dir='ltr'>vt</span> <span class='ocrx_word' id='word_1_168' title='bbox 1249 1381 1293 1414; x_wconf 84' lang='lat'>12</span> <span class='ocrx_word' id='word_1_169' title='bbox 1326 1377 1477 1413; x_wconf 86' lang='lat' dir='ltr'>termini</span> <span class='ocrx_word' id='word_1_170' title='bbox 1517 1377 1692 1424; x_wconf 89' lang='lat' dir='ltr'>completi</span> <span class='ocrx_word' id='word_1_171' title='bbox 1726 1376 1765 1412; x_wconf 88' lang='lat' dir='ltr'>in</span> <span class='ocrx_word' id='word_1_172' title='bbox 1797 1375 1936 1423; x_wconf 85' lang='lat' dir='ltr'>quibus</span> 
     </span>
     <span class='ocr_line' id='line_1_21' title="bbox 478 1434 1937 1484; baseline -0.001 -12"><span class='ocrx_word' id='word_1_173' title='bbox 478 1437 656 1473; x_wconf 89' lang='lat' dir='ltr'>lectiones</span> <span class='ocrx_word' id='word_1_174' title='bbox 688 1435 896 1472; x_wconf 83' lang='lat' dir='ltr'>ordinarias</span> <span class='ocrx_word' id='word_1_175' title='bbox 927 1436 1077 1473; x_wconf 83' lang='lat' dir='ltr'>audiuit</span> <span class='ocrx_word' id='word_1_176' title='bbox 1108 1448 1195 1472; x_wconf 93' lang='lat' dir='ltr'>cum</span> <span class='ocrx_word' id='word_1_177' title='bbox 1229 1434 1530 1484; x_wconf 78' lang='lat' dir='ltr'>oppositionibus</span> <span class='ocrx_word' id='word_1_178' title='bbox 1563 1439 1603 1471; x_wconf 90' lang='lat' dir='ltr'>et</span> <span class='ocrx_word' id='word_1_179' title='bbox 1633 1435 1937 1483; x_wconf 88' lang='lat' dir='ltr'>responsionibus</span> 
     </span>
     <span class='ocr_line' id='line_1_22' title="bbox 478 1493 1936 1542; baseline -0.001 -10"><span class='ocrx_word' id='word_1_180' title='bbox 478 1495 685 1532; x_wconf 87' lang='lat' dir='ltr'>secundum</span> <span class='ocrx_word' id='word_1_181' title='bbox 703 1506 799 1531; x_wconf 86' lang='lat' dir='ltr'>nova</span> <span class='ocrx_word' id='word_1_182' title='bbox 816 1495 912 1542; x_wconf 86' lang='lat' dir='ltr'>regis</span> <span class='ocrx_word' id='word_1_183' title='bbox 929 1498 1077 1531; x_wconf 84' lang='lat' dir='ltr'>statuta</span> <span class='ocrx_word' id='word_1_184' title='bbox 1094 1495 1286 1542; x_wconf 85' lang='lat' dir='ltr'>requisitis</span> <span class='ocrx_word' id='word_1_185' title='bbox 1303 1494 1492 1531; x_wconf 85' lang='lat' dir='ltr'>sufficiant</span> <span class='ocrx_word' id='word_1_186' title='bbox 1508 1494 1542 1530; x_wconf 91' lang='lat' dir='ltr'>ei</span> <span class='ocrx_word' id='word_1_187' title='bbox 1566 1493 1613 1531; x_wconf 79' lang='lat' dir='ltr'>ad</span> <span class='ocrx_word' id='word_1_188' title='bbox 1636 1493 1936 1542; x_wconf 90' lang='lat' dir='ltr'>respondendum</span> 
     </span>
     <span class='ocr_line' id='line_1_23' title="bbox 479 1554 667 1601; baseline 0 -11"><span class='ocrx_word' id='word_1_189' title='bbox 479 1554 667 1601; x_wconf 86' lang='lat' dir='ltr'>questioni</span> 
     </span>
    </p>

    <p class='ocr_par' dir='ltr' id='par_1_10' title="bbox 387 1610 1939 1778">
     <span class='ocr_line' id='line_1_24' title="bbox 387 1610 1938 1658; baseline -0.002 -9"><span class='ocrx_word' id='word_1_190' title='bbox 387 1613 484 1649; x_wconf 90' lang='lat' dir='ltr'>Item</span> <span class='ocrx_word' id='word_1_191' title='bbox 514 1613 730 1649; x_wconf 87' lang='lat' dir='ltr'>conceditur</span> <span class='ocrx_word' id='word_1_192' title='bbox 762 1611 932 1648; x_wconf 90' lang='lat' dir='ltr'>Antonio</span> <span class='ocrx_word' id='word_1_193' title='bbox 964 1610 1084 1648; x_wconf 87' lang='lat' dir='ltr'>Jebbe</span> <span class='ocrx_word' id='word_1_194' title='bbox 1117 1613 1159 1647; x_wconf 93' lang='lat' dir='ltr'>vt</span> <span class='ocrx_word' id='word_1_195' title='bbox 1195 1614 1238 1647; x_wconf 83' lang='lat'>12</span> <span class='ocrx_word' id='word_1_196' title='bbox 1265 1611 1418 1647; x_wconf 84' lang='lat' dir='ltr'>termini</span> <span class='ocrx_word' id='word_1_197' title='bbox 1445 1610 1620 1658; x_wconf 87' lang='lat' dir='ltr'>completi</span> <span class='ocrx_word' id='word_1_198' title='bbox 1650 1622 1736 1647; x_wconf 89' lang='lat' dir='ltr'>cum</span> <span class='ocrx_word' id='word_1_199' title='bbox 1763 1610 1938 1646; x_wconf 85' lang='lat' dir='ltr'>omnibus</span> 
     </span>
     <span class='ocr_line' id='line_1_25' title="bbox 480 1669 1939 1720; baseline -0.002 -12"><span class='ocrx_word' id='word_1_200' title='bbox 480 1671 780 1720; x_wconf 87' lang='lat' dir='ltr'>oppositionibus</span> <span class='ocrx_word' id='word_1_201' title='bbox 817 1674 856 1707; x_wconf 88' lang='lat' dir='ltr'>et</span> <span class='ocrx_word' id='word_1_202' title='bbox 893 1670 1198 1718; x_wconf 88' lang='lat' dir='ltr'>responsionibus</span> <span class='ocrx_word' id='word_1_203' title='bbox 1234 1670 1340 1706; x_wconf 84' lang='lat' dir='ltr'>iuxta</span> <span class='ocrx_word' id='word_1_204' title='bbox 1378 1670 1537 1706; x_wconf 84' lang='lat' dir='ltr'>formam</span> <span class='ocrx_word' id='word_1_205' title='bbox 1576 1669 1714 1706; x_wconf 81' lang='lat' dir='ltr'>statuti</span> <span class='ocrx_word' id='word_1_206' title='bbox 1747 1669 1939 1717; x_wconf 89' lang='lat' dir='ltr'>requisitis</span> 
     </span>
     <span class='ocr_line' id='line_1_26' title="bbox 479 1729 1342 1778; baseline -0.002 -10"><span class='ocrx_word' id='word_1_207' title='bbox 479 1731 669 1768; x_wconf 84' lang='lat' dir='ltr'>sufficiant</span> <span class='ocrx_word' id='word_1_208' title='bbox 692 1730 726 1766; x_wconf 89' lang='lat' dir='ltr'>ei</span> <span class='ocrx_word' id='word_1_209' title='bbox 751 1730 799 1766; x_wconf 81' lang='lat' dir='ltr'>ad</span> <span class='ocrx_word' id='word_1_210' title='bbox 825 1729 1128 1778; x_wconf 88' lang='lat' dir='ltr'>respondendum</span> <span class='ocrx_word' id='word_1_211' title='bbox 1152 1730 1342 1778; x_wconf 85' lang='lat' dir='ltr'>questioni</span> 
     </span>
    </p>

    <p class='ocr_par' dir='ltr' id='par_1_11' title="bbox 387 1786 1939 1886">
     <span class='ocr_line' id='line_1_27' title="bbox 387 1786 1939 1838; baseline -0.003 -11"><span class='ocrx_word' id='word_1_212' title='bbox 387 1790 528 1828; x_wconf 78' lang='lat' dir='ltr'>Eadem</span> <span class='ocrx_word' id='word_1_213' title='bbox 552 1790 674 1838; x_wconf 81' lang='lat' dir='ltr'>gratia</span> <span class='ocrx_word' id='word_1_214' title='bbox 700 1789 746 1826; x_wconf 88' lang='lat' dir='ltr'>dc</span> <span class='ocrx_word' id='word_1_215' title='bbox 772 1789 885 1826; x_wconf 87' lang='lat' dir='ltr'>verbo</span> <span class='ocrx_word' id='word_1_216' title='bbox 910 1789 948 1825; x_wconf 92' lang='lat' dir='ltr'>in</span> <span class='ocrx_word' id='word_1_217' title='bbox 975 1788 1131 1826; x_wconf 89' lang='lat' dir='ltr'>verbum</span> <span class='ocrx_word' id='word_1_218' title='bbox 1158 1788 1376 1825; x_wconf 88' lang='lat' dir='ltr'>conceditur</span> <span class='ocrx_word' id='word_1_219' title='bbox 1404 1787 1428 1824; x_wconf 85' lang='lat' dir='ltr'>J</span> <span class='ocrx_word' id='word_1_220' title='bbox 1431 1787 1543 1824; x_wconf 83' lang='lat' dir='ltr'>oanni</span> <span class='ocrx_word' id='word_1_221' title='bbox 1575 1786 1704 1824; x_wconf 87' lang='lat' dir='ltr'>Banko</span> <span class='ocrx_word' id='word_1_222' title='bbox 1729 1791 1769 1823; x_wconf 89' lang='lat' dir='ltr'>et</span> <span class='ocrx_word' id='word_1_223' title='bbox 1800 1787 1939 1823; x_wconf 84' lang='lat' dir='ltr'>Joanni</span> 
     </span>
     <span class='ocr_line' id='line_1_28' title="bbox 481 1850 582 1886; baseline 0 0"><span class='ocrx_word' id='word_1_224' title='bbox 481 1850 582 1886; x_wconf 85' lang='lat' dir='ltr'>Foxo</span> 
     </span>
    </p>

    <p class='ocr_par' dir='ltr' id='par_1_12' title="bbox 388 1905 1941 2075">
     <span class='ocr_line' id='line_1_29' title="bbox 388 1905 1940 1955; baseline -0.004 -9"><span class='ocrx_word' id='word_1_225' title='bbox 388 1909 708 1946; x_wconf 74' lang='lat' dir='ltr'>Determinatores</span> <span class='ocrx_word' id='word_1_226' title='bbox 732 1908 874 1955; x_wconf 87' lang='lat' dir='ltr'>collegii</span> <span class='ocrx_word' id='word_1_227' title='bbox 902 1907 1050 1955; x_wconf 83' lang='lat' dir='ltr'>Regalis</span> <span class='ocrx_word' id='word_1_228' title='bbox 1074 1907 1144 1943; x_wconf 91' lang='lat' dir='ltr'>hoc</span> <span class='ocrx_word' id='word_1_229' title='bbox 1170 1918 1269 1943; x_wconf 88' lang='lat' dir='ltr'>anno</span> <span class='ocrx_word' id='word_1_230' title='bbox 1296 1907 1361 1953; x_wconf 90' lang='lat' dir='ltr'>qui</span> <span class='ocrx_word' id='word_1_231' title='bbox 1392 1917 1466 1942; x_wconf 89' lang='lat' dir='ltr'>non</span> <span class='ocrx_word' id='word_1_232' title='bbox 1492 1905 1684 1953; x_wconf 88' lang='lat' dir='ltr'>petierunt</span> <span class='ocrx_word' id='word_1_233' title='bbox 1707 1905 1848 1952; x_wconf 76' lang='lat' dir='ltr'>gratias</span> <span class='ocrx_word' id='word_1_234' title='bbox 1872 1917 1940 1941; x_wconf 90' lang='lat' dir='ltr'>nec</span> 
     </span>
     <span class='ocr_line' id='line_1_30' title="bbox 481 1963 1941 2015; baseline -0.003 -11"><span class='ocrx_word' id='word_1_235' title='bbox 481 1968 684 2015; x_wconf 79' lang='lat' dir='ltr'>quicquam</span> <span class='ocrx_word' id='word_1_236' title='bbox 702 1966 896 2003; x_wconf 75' lang='lat' dir='ltr'>solverunt</span> <span class='ocrx_word' id='word_1_237' title='bbox 918 1978 985 2013; x_wconf 89' lang='lat' dir='ltr'>pro</span> <span class='ocrx_word' id='word_1_238' title='bbox 1007 1966 1274 2002; x_wconf 79' lang='lat' dir='ltr'>exoneracione</span> <span class='ocrx_word' id='word_1_239' title='bbox 1295 1964 1524 2002; x_wconf 88' lang='lat' dir='ltr'>consciencie</span> <span class='ocrx_word' id='word_1_240' title='bbox 1549 1967 1641 2000; x_wconf 88' lang='lat' dir='ltr'>sunt</span> <span class='ocrx_word' id='word_1_241' title='bbox 1662 1963 1804 2001; x_wconf 87' lang='lat' dir='ltr'>domini</span> <span class='ocrx_word' id='word_1_242' title='bbox 1829 1963 1941 2000; x_wconf 85' lang='lat' dir='ltr'>Parre</span> 
     </span>
     <span class='ocr_line' id='line_1_31' title="bbox 481 2025 1248 2075; baseline -0.004 -11"><span class='ocrx_word' id='word_1_243' title='bbox 481 2027 630 2075; x_wconf 79' lang='lat' dir='ltr'>Coupar</span> <span class='ocrx_word' id='word_1_244' title='bbox 647 2027 783 2063; x_wconf 82' lang='lat' dir='ltr'>Seman</span> <span class='ocrx_word' id='word_1_245' title='bbox 803 2026 928 2062; x_wconf 85' lang='lat' dir='ltr'>Lewes</span> <span class='ocrx_word' id='word_1_246' title='bbox 944 2030 984 2062; x_wconf 85' lang='lat' dir='ltr'>et</span> <span class='ocrx_word' id='word_1_247' title='bbox 1001 2025 1248 2073; x_wconf 80' lang='lat' dir='ltr'>Busshefylde</span> 
     </span>
    </p>

    <p class='ocr_par' dir='ltr' id='par_1_13' title="bbox 390 2082 1941 2311">
     <span class='ocr_line' id='line_1_32' title="bbox 390 2082 1939 2132; baseline -0.003 -9"><span class='ocrx_word' id='word_1_248' title='bbox 390 2086 487 2123; x_wconf 86' lang='lat' dir='ltr'>Item</span> <span class='ocrx_word' id='word_1_249' title='bbox 512 2085 729 2122; x_wconf 87' lang='lat' dir='ltr'>conceditur</span> <span class='ocrx_word' id='word_1_250' title='bbox 752 2085 905 2122; x_wconf 87' lang='lat' dir='ltr'>domino</span> <span class='ocrx_word' id='word_1_251' title='bbox 929 2084 1070 2132; x_wconf 80' lang='lat' dir='ltr'>Joffrey</span> <span class='ocrx_word' id='word_1_252' title='bbox 1093 2084 1274 2132; x_wconf 87' lang='lat' dir='ltr'>superiori</span> <span class='ocrx_word' id='word_1_253' title='bbox 1300 2083 1361 2120; x_wconf 90' lang='lat' dir='ltr'>die</span> <span class='ocrx_word' id='word_1_254' title='bbox 1380 2083 1546 2120; x_wconf 82' lang='lat' dir='ltr'>admisso</span> <span class='ocrx_word' id='word_1_255' title='bbox 1569 2082 1618 2119; x_wconf 84' lang='lat' dir='ltr'>ad</span> <span class='ocrx_word' id='word_1_256' title='bbox 1640 2082 1939 2130; x_wconf 87' lang='lat' dir='ltr'>respondendum</span> 
     </span>
     <span class='ocr_line' id='line_1_33' title="bbox 482 2142 1940 2192; baseline -0.003 -10"><span class='ocrx_word' id='word_1_257' title='bbox 482 2145 670 2192; x_wconf 88' lang='lat' dir='ltr'>questioni</span> <span class='ocrx_word' id='word_1_258' title='bbox 697 2146 749 2182; x_wconf 84' lang='lat' dir='ltr'>sit</span> <span class='ocrx_word' id='word_1_259' title='bbox 777 2148 864 2182; x_wconf 81' lang='lat' dir='ltr'>actu</span> <span class='ocrx_word' id='word_1_260' title='bbox 894 2144 1185 2181; x_wconf 80' lang='lat' dir='ltr'>bacchalaureus</span> <span class='ocrx_word' id='word_1_261' title='bbox 1211 2144 1353 2180; x_wconf 81' lang='lat' dir='ltr'>artium</span> <span class='ocrx_word' id='word_1_262' title='bbox 1380 2143 1559 2190; x_wconf 81' lang='lat' dir='ltr'>quoniam</span> <span class='ocrx_word' id='word_1_263' title='bbox 1587 2142 1756 2190; x_wconf 78' lang='lat' dir='ltr'>proxima</span> <span class='ocrx_word' id='word_1_264' title='bbox 1781 2142 1940 2190; x_wconf 78' lang='lat' dir='ltr'>quadra-</span> 
     </span>
     <span class='ocr_line' id='line_1_34' title="bbox 482 2202 1941 2252; baseline -0.002 -12"><span class='ocrx_word' id='word_1_265' title='bbox 482 2205 624 2251; x_wconf 76' lang='lat' dir='ltr'>gesima</span> <span class='ocrx_word' id='word_1_266' title='bbox 640 2207 793 2252; x_wconf 71' lang='lat' dir='ltr'>propter</span> <span class='ocrx_word' id='word_1_267' title='bbox 803 2203 1053 2251; x_wconf 82' lang='lat' dir='ltr'>egritudinem</span> <span class='ocrx_word' id='word_1_268' title='bbox 1068 2203 1198 2239; x_wconf 82' lang='lat' dir='ltr'>adesse</span> <span class='ocrx_word' id='word_1_269' title='bbox 1212 2215 1286 2239; x_wconf 87' lang='lat' dir='ltr'>non</span> <span class='ocrx_word' id='word_1_270' title='bbox 1300 2202 1426 2250; x_wconf 83' lang='lat' dir='ltr'>potuit</span> <span class='ocrx_word' id='word_1_271' title='bbox 1443 2205 1482 2238; x_wconf 86' lang='lat' dir='ltr'>et</span> <span class='ocrx_word' id='word_1_272' title='bbox 1499 2203 1666 2238; x_wconf 82' lang='lat' dir='ltr'>futuram</span> <span class='ocrx_word' id='word_1_273' title='bbox 1681 2202 1761 2238; x_wconf 89' lang='lat' dir='ltr'>sine</span> <span class='ocrx_word' id='word_1_274' title='bbox 1778 2202 1941 2237; x_wconf 82' lang='lat' dir='ltr'>maximo</span> 
     </span>
     <span class='ocr_line' id='line_1_35' title="bbox 483 2263 1210 2311; baseline -0.001 -12"><span class='ocrx_word' id='word_1_275' title='bbox 483 2275 552 2300; x_wconf 77' lang='lat' dir='ltr'>suo</span> <span class='ocrx_word' id='word_1_276' title='bbox 568 2263 763 2311; x_wconf 73' lang='lat' dir='ltr'>dispendio</span> <span class='ocrx_word' id='word_1_277' title='bbox 779 2266 974 2310; x_wconf 80' lang='lat' dir='ltr'>expectare</span> <span class='ocrx_word' id='word_1_278' title='bbox 992 2274 1066 2299; x_wconf 86' lang='lat' dir='ltr'>non</span> <span class='ocrx_word' id='word_1_279' title='bbox 1084 2265 1210 2309; x_wconf 77' lang='lat' dir='ltr'>potest</span> 
     </span>
    </p>
   </div>
  </div>
 </body>
</html>
