2008 3216
183 547 211 584 f.
235 547 327 585 68b

181 2700 207 2739 f.
231 2700 319 2740 69⁸²

348 168 430 209 164
926 178 1078 209 GRAOE
1109 178 1233 210 BOOK
1264 178 1294 209 Δ
1671 167 1893 223 [1562-63

884 550 1082 605 Magistri
1115 550 1160 591 in
1192 550 1360 592 artibus

343 693 571 729 Conceditur
608 695 652 730 27
688 692 914 728 Novembris
951 694 1043 728 1562
1080 692 1261 738 magistro
1302 691 1370 727 Ed.
1406 691 1600 739 Stanhope
1637 692 1714 728 filio
1751 692 1895 728 'domini

438 751 635 788 Michaelis
665 752 858 798 Stanhope
891 751 1025 787 militis
1053 754 1096 786 vt
1125 750 1296 786 studium
1329 753 1413 786 octo
1442 763 1627 787 annorum
1655 751 1695 787 in
1723 751 1896 787 humani-

438 811 566 848 oribus
588 812 708 848 literis
731 823 817 847 cum
840 823 915 848 vna
939 811 1180 858 responsione
1204 813 1409 857 antequam
1433 810 1662 847 admittatur
1686 813 1726 847 et
1749 810 1898 847 duabus

438 871 711 908 variationibus
743 883 844 907 anno
876 871 1046 918 proximo
1077 870 1211 907 fiendis
1239 870 1312 906 sub
1340 882 1437 917 pena
1464 870 1542 918 iiij1¹
1569 870 1829 918 ponendarum
1857 870 1897 906 in

437 929 614 966 manibus
637 935 923 977 procuratorum
946 933 1036 966 ante
1058 930 1140 966 eius
1162 929 1431 965 admissionem
1453 929 1616 966 sufficiat
1638 930 1673 966 ei
1695 928 1744 965 ad
1766 929 1897 976 incipi-

437 988 578 1025 endum
611 989 651 1024 in
684 988 832 1025 artibus
864 989 919 1024 sic
948 992 991 1024 vt
1019 987 1246 1035 respondeat
1274 991 1401 1024 vestra
1433 988 1667 1025 authoritate
1694 989 1735 1025 in
1763 987 1898 1025 habitu

437 1049 675 1085 bachalaurei
701 1052 740 1085 et
764 1049 888 1085 solvat
912 1048 1155 1084 vniuersitati
1179 1060 1281 1084 xxxs
1310 1048 1467 1095 (peregit
1493 1048 1620 1084 omnia
1645 1048 1779 1095 mary.)

342 1109 572 1146 Conceditur
595 1109 648 1144 νὴ)
676 1107 871 1144 Februarii
900 1107 1053 1144 domino
1084 1108 1237 1155 Hugoni
1267 1108 1463 1144 Castelton
1492 1111 1536 1144 vt
1563 1108 1602 1144 ix
1629 1108 1783 1145 termini
1812 1111 1898 1155 post

437 1168 587 1204 finalem
610 1168 691 1204 eius
714 1167 1070 1204 determinationem
1092 1167 1132 1203 in
1155 1167 1294 1215 quibus
1316 1167 1497 1204 lectiones
1519 1167 1728 1204 ordinarias
1749 1167 1899 1204 audiuit

436 1227 526 1264 licet
559 1239 635 1263 non
668 1226 823 1262 omnino
856 1226 1064 1262 secundum
1098 1227 1259 1263 formam
1292 1227 1431 1263 statuti
1466 1239 1553 1263 cum
1586 1227 1710 1264 tribus
1743 1239 1897 1274 respon-

436 1286 605 1323 sionibus
621 1290 661 1323 et
676 1287 762 1323 aliis
777 1286 965 1323 exercitiis
981 1298 1048 1333 per
1067 1286 1168 1334 regia
1190 1288 1339 1323 statuta
1361 1286 1557 1334 requisitis
1579 1286 1769 1323 sufficiant
1792 1287 1825 1323 ei
1849 1286 1897 1323 ad

436 1346 694 1394 incipiendum
720 1346 759 1382 in
785 1345 932 1382 artibus

341 1406 485 1443 Eadem
513 1407 636 1453 gratia
668 1405 887 1443 conceditur
914 1405 1045 1443 eodem
1074 1405 1136 1442 die
1163 1406 1317 1442 domino
1343 1406 1401 1444 W.
1431 1406 1536 1443 Allet
1568 1405 1722 1443 domino
1755 1406 1894 1444 Matth.

437 1465 620 1502 Matthew

340 1524 483 1561 Eadem
505 1525 627 1572 gratia
650 1524 869 1560 conceditur
890 1527 935 1560 22
954 1524 1084 1560 Martii
1101 1524 1136 1560 d.
1157 1524 1252 1562 Galf.
1272 1524 1394 1561 Becke
1410 1524 1444 1561 d.
1463 1524 1487 1561 J
1491 1537 1522 1561 o.
1542 1523 1726 1561 Robertes
1747 1524 1783 1561 d.
1802 1524 1894 1561 Rob.

435 1583 582 1620 Norton
611 1584 647 1620 d.
675 1583 813 1620 Matth.
845 1583 978 1620 Trotte
1006 1583 1041 1620 d.
1073 1584 1151 1620 Pet.
1183 1583 1383 1620 Stockdale
1411 1584 1446 1621 d.
1475 1583 1569 1621 Rad.
1600 1584 1734 1621 Serton
1763 1584 1800 1622 d.
1827 1583 1895 1622 Ed.

436 1643 610 1690 Derynge
642 1643 677 1680 d.
705 1643 807 1690 Step.
835 1643 1022 1690 Valenger
1054 1643 1088 1680 d.
1115 1643 1207 1680 Tho.
1234 1643 1368 1692 CoHyn
1401 1644 1436 1682 d.
1462 1644 1520 1680 W.
1548 1644 1676 1681 Power
1707 1643 1742 1681 d.
1778 1644 1894 1680 Henr.

437 1701 602 1738 Holland
631 1702 666 1738 d.
699 1701 873 1749 Philippo
903 1701 1044 1749 Copley
1070 1702 1106 1739 d.
1135 1702 1202 1739 Ed.
1232 1703 1400 1751 Buckley
1427 1703 1462 1740 d.
1489 1703 1547 1740 W.
1574 1704 1716 1751 Symon
1740 1703 1776 1740 d.
1803 1702 1895 1739 Tho.

435 1761 566 1807 Wight
590 1760 625 1797 d.
651 1761 779 1796 Moore
801 1760 836 1797 d.
858 1760 992 1808 Kynge
1014 1761 1048 1798 d.
1068 1761 1251 1809 Gylberto
1275 1762 1413 1799 Holme
1437 1762 1472 1799 d.
1492 1762 1549 1799 W.
1575 1762 1723 1799 Palmer
1744 1761 1779 1798 d.
1799 1761 1894 1798 oliv.

436 1818 569 1855 Carter

341 1878 483 1914 Eadem
516 1878 638 1925 gratia
670 1877 888 1914 conceditur
921 1877 983 1914 ii‘lo
1010 1878 1154 1926 Aprilis
1186 1878 1288 1915 Jaco.
1318 1879 1442 1916 Cooke
1470 1879 1505 1916 d.
1536 1879 1629 1918 Tho.
1659 1878 1896 1927 Wylkynson

434 1937 470 1975 d.
496 1939 588 1974 Dav.
618 1938 752 1974 Powell
777 1938 812 1976 d.
839 1938 1004 1974 Roberto
1030 1938 1172 1986 Hayles
1196 1938 1230 1975 d.
1257 1939 1363 1976 Geor.
1391 1939 1520 1976 Bonde
1545 1939 1579 1976 d.
1603 1939 1700 1978 Galf.
1724 1939 1895 1976 Johnson

435 1998 470 2034 d.
492 1998 600 2034 Dani.
619 1997 830 2045 Wythipoll
853 1997 887 2034 d.
907 1997 1022 2045 Cipri.
1042 1998 1178 2035 Valera
1200 1998 1235 2035 d.
1254 1999 1277 2035 J
1280 2011 1310 2035 0.
1332 1999 1489 2047 Dakyns
1508 1999 1543 2036 d.
1563 1999 1740 2036 Christof.
1759 1999 1896 2047 Smyth

434 2057 469 2093 d.
488 2058 510 2094 J
514 2070 546 2094 0.
565 2057 771 2094 Richardes
787 2057 821 2093 d.
843 2057 932 2104 Rog.
953 2058 1086 2094 Foster
1101 2058 1135 2094 d.
1155 2058 1273 2094 Anth.
1293 2058 1417 2095 Fourd
1435 2058 1469 2096 d.
1489 2058 1580 2095 Tho.
1599 2058 1770 2095 Asheton

340 2174 568 2211 Conceditur
584 2175 715 2212 eadem
732 2175 854 2222 gratia
871 2175 930 2222 xxj
949 2175 973 2212 J
976 2175 1042 2212 ulii
1060 2175 1214 2213 domino
1232 2176 1374 2214 Webbe

340 2233 569 2270 Conceditur
603 2237 647 2270 12
680 2234 787 2271 Junii
822 2234 1039 2271 Christiano
1073 2234 1253 2271 Macabeo
1285 2238 1328 2272 vt
1360 2235 1397 2271 ix
1430 2235 1584 2272 termini
1618 2238 1705 2283 post
1736 2235 1894 2284 gradum

436 2292 670 2329 bachalaurei
697 2293 736 2329 in
759 2292 899 2340 quibus
923 2292 1102 2330 lectiones
1127 2292 1336 2330 ordinarias
1359 2293 1509 2331 audiuit
1533 2294 1621 2331 licet
1643 2307 1718 2331 non
1742 2295 1895 2332 omnino

433 2350 640 2388 secundum
666 2351 825 2387 formam
850 2351 987 2387 statuti
1014 2363 1100 2387 cum
1126 2350 1249 2388 tribus
1276 2351 1582 2399 responsionibus
1610 2355 1650 2390 et
1678 2352 1763 2390 aliis
1795 2365 1894 2390 exer-

433 2409 534 2446 citiis
567 2421 633 2457 per
665 2410 766 2457 regia
797 2413 946 2447 statuta
979 2410 1173 2458 requisitis
1205 2411 1395 2448 sufficiant
1424 2411 1457 2448 ei
1486 2411 1535 2448 ad
1569 2412 1824 2460 incipiendum
1854 2412 1894 2450 in

433 2468 581 2505 artibus

339 2526 567 2564 Conceditur
590 2529 611 2563 2
634 2527 656 2563 J
662 2527 728 2563 ulii
748 2527 803 2564 W.
831 2527 949 2564 Fulke
973 2531 1014 2564 vt
1036 2527 1207 2565 studium
1231 2528 1314 2576 viij⁰
1335 2540 1522 2566 annorum
1545 2529 1584 2566 in
1607 2529 1895 2567 humanioribus

434 2586 554 2623 literis
576 2591 616 2623 ct
637 2588 754 2623 sacris
776 2598 861 2623 cum
888 2586 1012 2623 tribus
1037 2587 1344 2635 responsionibus
1365 2591 1406 2625 et
1427 2587 1512 2625 aliis
1534 2599 1601 2637 per
1623 2588 1723 2636 regia
1746 2591 1894 2626 statuta

433 2646 627 2693 requisitis
647 2646 811 2682 sufficiat
832 2646 865 2683 ei
889 2646 937 2683 ad
961 2646 1218 2694 incipiendum
1243 2646 1282 2683 in
1298 2646 1446 2683 artibus
1462 2647 1516 2684 sic
1530 2651 1571 2684 vt
1586 2651 1710 2684 vestra
1726 2648 1892 2686 authori-

433 2708 512 2742 tato
535 2705 759 2753 roslmndcat
783 2706 820 2742 in
845 2705 979 2743 habitu
1002 2705 1238 2743 bachalaurei
1256 2709 1295 2743 et
1311 2706 1434 2743 solvat
1451 2706 1690 2744 vniuersitati
1708 2706 1775 2744 xls

341 2764 422 2801 Vna
445 2774 531 2800 cum
559 2763 632 2800 hiis
662 2763 883 2811 inceperunt
910 2763 958 2802 de
986 2764 1141 2812 collegio
1167 2764 1295 2812 Regali
1320 2764 1460 2813 quibus
1489 2765 1594 2803 nulla
1621 2765 1743 2813 gratia
1771 2765 1893 2814 petita

431 2834 551 2870 noque
573 2822 805 2871 dislmnsatio
827 2835 1004 2861 concessa
1026 2824 1203 2861 dominus
1227 2824 1408 2872 Rogerius
1429 2825 1533 2863 Godc
1555 2825 1590 2864 d.
1609 2825 1700 2863 Tho.
1723 2826 1893 2863 Hatcher

430 2886 469 2919 ut
492 2881 674 2919 Ricstdus
698 2881 950 2930 Bridgewater
