2002 3236
179 173 396 228 1542-43]
753 184 905 216 omos
936 184 1060 216 BOOK
1092 185 1120 216 Δ
1699 175 1724 214 5

175 284 273 320 Item
299 285 517 322 conceditur
543 284 696 321 domino
725 285 885 332 Smythe
914 288 956 320 vt
989 297 1124 321 novem
1157 285 1310 322 termini
1343 287 1430 332 post
1462 284 1611 320 finalem
1644 284 1725 321 eius

264 343 616 380 determinationem
649 344 687 380 in
721 343 860 390 quibus
891 344 1071 380 lectiones
1103 343 1314 380 ordinarias
1346 343 1495 379 audiuit
1526 343 1614 379 licet
1649 355 1723 379 non

266 403 419 438 omnino
450 402 656 439 secundum
686 403 845 439 formam
874 404 1011 439 statuti
1046 415 1132 440 cum
1162 402 1286 439 tribus
1311 401 1616 450 responsionibus
1647 403 1722 438 suf-

267 462 396 498 ficiant
420 463 453 498 ei
478 462 526 499 ad
551 462 807 510 incipiendum
833 463 871 498 in
897 462 1046 499 artibus

174 520 272 557 Item
298 521 516 558 comeditur
539 522 678 558 Joanni
707 521 901 568 Bromfyld
927 524 970 558 vt
996 534 1059 558 sex
1085 522 1238 558 termini
1266 524 1354 569 post
1380 520 1530 557 finalem
1556 521 1638 557 eius
1661 520 1723 557 de-

266 581 570 617 terminationem
599 581 637 616 in
664 580 802 627 quibus
829 580 1008 616 lectiones
1037 580 1246 617 ordinarias
1272 580 1422 616 audiuit
1451 591 1518 627 per
1544 580 1722 615 maiorem

266 643 411 685 partem
426 639 465 675 in
482 642 564 676 toto
579 651 666 676 cum
682 639 806 676 tribus
823 639 1130 690 responsionibus
1146 639 1335 676 sufficiant
1351 640 1385 676 ei
1403 639 1451 676 ad
1469 638 1724 687 incipiendum

268 699 307 734 in
324 699 471 736 artibus

173 756 314 793 Eadem
340 759 461 804 gratia
482 757 529 794 de
553 757 667 794 verbo
694 758 733 794 in
759 757 917 794 verbum
944 757 1163 794 conceditur
1185 757 1338 794 domino
1363 757 1518 805 Gaskyn

173 815 271 852 Item
300 817 517 854 conceditur
541 817 694 854 domino
725 818 955 854 Bewmownt
983 821 1025 853 vt
1058 829 1123 853 sex
1156 817 1309 853 termini
1343 821 1430 865 post
1462 817 1611 853 finalem
1644 817 1725 853 eius

267 875 620 913 determinationem
653 878 692 914 in
725 877 865 925 quibus
896 877 1076 914 lectiones
1104 877 1314 915 ordinarias
1341 877 1489 914 audiuit
1530 877 1617 914 licet
1649 889 1725 913 non

265 936 418 972 omnino
450 936 655 973 secundum
682 937 841 973 formam
870 937 1007 973 statuti
1042 949 1128 973 cum
1158 937 1282 973 tribus
1311 936 1616 984 responsionibus
1649 937 1725 973 suf-

266 995 395 1032 ficiant
418 996 453 1032 ei
477 995 525 1032 ad
551 996 808 1044 incipiendum
834 996 874 1032 in
903 996 1051 1032 artibus

173 1053 313 1090 Eadem
338 1055 460 1101 gratia
483 1055 530 1092 de
554 1054 667 1092 verbo
693 1055 731 1092 in
758 1055 913 1092 verbum
938 1055 1158 1092 conceditur
1183 1055 1387 1092 Benedicto
1411 1055 1598 1091 Cutbalde

174 1112 271 1150 Item
289 1114 505 1151 conceditur
526 1114 713 1151 Richardo
738 1115 894 1151 Preston
914 1119 955 1151 vt
978 1127 1041 1151 sex
1058 1115 1213 1151 termini
1237 1118 1324 1162 post
1341 1114 1422 1151 eius
1438 1114 1587 1150 finalem
1604 1114 1727 1150 deter-

267 1173 510 1210 minationem
522 1174 560 1210 in
571 1173 710 1221 quibus
722 1174 901 1210 lectiones
917 1173 1126 1210 ordinarias
1139 1173 1287 1210 audiuit
1304 1186 1370 1221 per
1383 1174 1560 1210 maiorem
1578 1178 1725 1222 partem

265 1233 303 1268 in
331 1236 413 1269 toto
436 1245 523 1270 cum
547 1233 694 1270 duabus
719 1233 1024 1281 responsionibus
1046 1237 1084 1269 et
1108 1245 1182 1270 vna
1204 1233 1412 1270 variatione
1434 1245 1535 1269 anno
1557 1234 1726 1280 proximo

265 1291 453 1328 sufficiant
469 1292 502 1328 ei
519 1292 567 1328 ad
583 1292 837 1340 incipiendum
855 1293 895 1328 in
912 1292 1061 1328 artibus

172 1349 257 1386 Vna
272 1362 356 1386 cum
380 1350 440 1387 his
459 1351 600 1398 incepit
618 1351 795 1388 dominus
816 1352 929 1388 Bedle
944 1351 991 1388 de
1008 1352 1161 1399 collegio
1180 1351 1309 1399 Regali
1333 1363 1400 1399 pro
1417 1362 1493 1398 quo
1514 1350 1617 1387 nulla
1638 1363 1725 1387 con·

265 1421 369 1446 cessa
385 1422 506 1457 neque
524 1411 644 1458 petita
659 1415 719 1448 est
735 1411 967 1459 dispensatio

171 1467 270 1504 Item
285 1467 502 1505 conceditur
517 1469 659 1506 'rhome
673 1469 879 1506 Grenwood
895 1470 1037 1506 artium
1055 1470 1253 1517 professori
1271 1470 1311 1505 in
1326 1470 1574 1506 vniuersitate
1589 1469 1725 1506 Parisi-

263 1526 343 1562 ensi
361 1531 403 1563 vt
419 1527 470 1563 sit
490 1527 550 1563 hic
572 1527 672 1575 apud
695 1539 761 1564 vos
786 1528 826 1564 in
847 1527 977 1564 eodem
998 1527 1116 1574 gradu
1140 1539 1216 1574 quo
1239 1527 1350 1564 stetit
1371 1527 1525 1563 Parisiis
1548 1527 1603 1564 ita
1624 1527 1725 1575 quod

261 1585 379 1622 literae
395 1586 532 1632 gradus
548 1587 713 1634 suscepti
731 1588 836 1634 prius
851 1599 977 1624 coram
994 1586 1102 1633 vobis
1118 1587 1294 1634 legantur

617 1860 926 1904 Bacchalaurei
957 1860 1002 1903 in
1034 1860 1128 1903 iure
1158 1860 1279 1903 ciuili

172 1980 271 2016 Item
293 1979 510 2016 conceditur
531 1980 676 2017 Thome
699 1980 836 2028 Pylson
860 1983 903 2016 vt
926 1979 1097 2016 studium
1120 1982 1285 2027 quatuor
1305 1991 1491 2017 annorum
1516 1980 1556 2017 in
1580 1980 1728 2017 artibus

265 2038 305 2075 in
330 2038 400 2075 hac
429 2039 676 2075 vniuersitate
705 2041 745 2075 et
768 2039 887 2075 trium
919 2050 1105 2075 annorum
1131 2039 1170 2075 in
1196 2039 1276 2074 iure
1307 2039 1411 2075 ciuili
1435 2039 1597 2076 sufficiat
1621 2039 1655 2075 ei
1679 2039 1728 2076 ad

265 2097 484 2134 intrandum
510 2098 549 2134 in
573 2098 703 2134 eodem
728 2099 809 2135 iure

795 2169 851 2204 Mr
875 2168 1104 2205 Grenewood

816 2238 1078 2286 incorporatus

173 2357 398 2402 Numerus
425 2358 731 2416 magistrorum
752 2358 798 2401 in
819 2358 988 2402 artibus
1017 2358 1098 2401 hoc
1125 2373 1240 2401 anno
1261 2358 1387 2401 iuxta
1407 2358 1727 2401 senioritatem¹

385 2461 539 2510 Wylson
838 2461 936 2498 Lues
1359 2462 1518 2499 Preston

386 2521 514 2568 Hayre
838 2519 1030 2567 Kytbalde
1111 2532 1114 2534 ·
1361 2520 1468 2557 Fuell

385 2580 498 2616 Bedle
834 2579 991 2627 Gaskyn
1359 2580 1557 2616 Bemownt

383 2639 597 2687 Bromfylde
833 2638 991 2686 Cowpar
1361 2639 1454 2675 Lees

384 2698 574 2734 Assheton
836 2699 1114 2735 Christoferson
1362 2698 1521 2746 Smythe

389 2757 566 2805 Rawlyns

220 2881 232 2902 ¹
256 2880 368 2914 These
391 2890 513 2913 names
535 2890 595 2913 are
616 2881 752 2914 written
775 2890 892 2914 across
914 2881 974 2914 the
995 2881 1132 2914 bottom
1155 2882 1193 2914 of
1213 2882 1261 2914 io.
1277 2881 1331 2914 2b
1353 2890 1393 2914 as
1417 2880 1517 2914 those
1538 2890 1586 2914 on
1607 2891 1643 2924 p.
1659 2882 1692 2916 4.
