2008 3294
393 164 479 205 304
985 174 1137 205 GRAcn
1167 174 1292 205 Boon
1323 175 1354 206 Δ
1719 165 1940 222 [1576-77

392 276 619 313 Conceditur
641 280 687 313 22
711 277 840 314 Martii
859 281 901 314 vt
923 278 1103 324 magister
1126 278 1308 314 Ricardus
1331 278 1494 326 Spencer
1510 278 1639 315 literas
1655 278 1793 315 habeat
1808 279 1945 326 gradus

485 339 524 372 et
540 337 835 373 conversationis
851 337 910 372 sui
928 336 1111 383 sigillatas
1127 337 1248 384 sigillo
1265 341 1390 373 vestro
1407 338 1597 373 communi

393 395 534 431 Eadem
551 396 672 442 gratia
688 396 906 432 conceditur
924 399 969 431 22
986 396 1009 431 J
1014 396 1093 431 unii
1111 396 1290 442 magistro
1307 396 1495 432 Willelmo
1513 396 1761 444 Goldingham

390 455 617 491 Conceditur
634 459 678 491 22
698 456 826 492 Martii
844 459 887 491 vt
902 455 1073 491 doctores
1092 456 1209 491 Perne
1225 459 1264 491 et
1283 455 1412 502 Harvy
1430 458 1469 491 et
1485 457 1664 502 magister
1679 456 1702 491 J
1706 459 1844 492 acobus
1862 457 1947 504 Byll

483 516 561 551 sint
585 515 727 551 iudices
751 515 904 562 deligati
930 516 969 550 in
995 527 1108 551 causa
1132 515 1398 561 appellacionis
1421 526 1489 561 per
1512 515 1736 561 magistrum
1761 515 1944 552 Thomam

485 574 702 610 Beaumond
719 574 817 609 facte
833 574 887 609 sic
900 577 942 609 vt
959 573 997 609 id
1014 576 1141 609 ratum
1158 573 1211 608 sit
1223 576 1349 609 vestra
1365 573 1591 609 auctoritate
1606 573 1707 619 quod
1724 574 1843 609 maior
1860 586 1946 621 pars

483 645 611 669 eorum
636 634 843 669 decreverit
866 633 965 669 infra
989 635 1140 680 tempus
1165 644 1231 679 per
1255 635 1445 668 statutum
1470 632 1677 668 limitatum
1727 633 1945 679 (appellacio

483 693 674 729 forisfacta
696 699 757 729 xx⁸
777 694 910 741 onary.)

390 753 616 788 Conceditur
638 755 684 788 24
707 753 800 788 Maii
817 757 860 789 vt
882 753 1058 788 dominus
1082 752 1183 789 Edw.
1204 752 1347 788 Melton
1371 752 1408 787 in
1433 751 1579 787 artibus
1601 751 1891 788 bacchalaureus
1906 758 1945 788 et

484 812 575 848 Tho.
591 812 727 847 Bainer
742 811 898 847 clericus
914 814 1180 858 presententur
1191 811 1344 847 domino
1358 811 1500 857 Rogero
1513 811 1637 847 North
1652 814 1693 847 vt
1706 823 1803 847 vnus
1815 823 1944 848 eorum

483 874 748 917 promoveatur
763 871 811 907 ad
828 871 1006 907 vicariam
1023 870 1070 906 de
1087 870 1248 906 Burwell
1265 870 1340 905 iam
1358 873 1553 906 vacantem
1571 882 1638 917 per
1654 871 1942 917 resignaoionem

484 930 595 965 Ovini
614 930 762 966 Ducket
781 930 903 965 vltimi
920 929 1174 965 incumbentis
1191 928 1330 964 ibidem

389 989 615 1024 Conceditur
639 992 661 1024 5
683 989 706 1025 J
711 989 777 1025 ulii
799 993 842 1025 vt
864 1000 1024 1035 expense
1048 988 1146 1023 facte
1170 991 1209 1023 et
1233 987 1401 1023 faciende
1426 999 1493 1034 per
1517 991 1776 1035 procuratores
1799 991 1944 1025 vestros

483 1048 522 1082 in
556 1047 707 1094 negocio
741 1047 1011 1093 Sturbrigiensi
1045 1046 1253 1082 allocentur
1284 1058 1351 1092 per
1383 1046 1578 1082 dominum
1610 1047 1940 1093 procanceuarium

482 1108 652 1143 doctores
686 1108 804 1143 Perne
837 1106 1016 1142 Hawfoni
1050 1106 1136 1142 Stin
1169 1109 1208 1142 et
1241 1106 1358 1152 Binge
1390 1109 1459 1142 aut
1491 1118 1558 1153 per
1585 1106 1765 1142 maiorem
1795 1110 1941 1153 partem

482 1166 685 1203 eorundem

391 1230 435 1262 10
450 1227 474 1261 J
477 1227 563 1274 ulye
618 1227 729 1274 Maye
754 1226 785 1262 it
809 1226 934 1273 please
957 1238 1039 1273 yow
1063 1229 1104 1262 to
1128 1225 1265 1272 ratifye
1289 1225 1355 1261 the
1380 1224 1530 1272 stipend
1555 1224 1598 1260 of
1618 1224 1677 1260 xli
1703 1223 1860 1272 lymited
1885 1224 1944 1260 for

482 1286 548 1321 the
570 1286 685 1333 keper
706 1285 748 1321 of
768 1285 834 1321 the
855 1284 1017 1332 librarye

391 1348 435 1380 10
456 1344 567 1392 Julye
624 1345 712 1392 May
738 1345 770 1380 it
794 1344 918 1391 please
942 1355 1023 1391 yow
1047 1344 1087 1390 yt
1108 1343 1210 1379 John
1237 1343 1439 1391 Kyngston
1463 1342 1601 1390 latelye
1626 1342 1677 1390 by
1700 1354 1782 1390 yow
1806 1343 1943 1380 chosen

482 1407 523 1439 to
548 1403 594 1440 be
618 1415 688 1439 one
713 1403 755 1439 of
774 1402 840 1438 the
865 1402 1079 1439 Stacioners
1103 1402 1178 1438 and
1203 1406 1380 1450 prynters
1405 1402 1446 1438 of
1467 1401 1605 1438 bookes
1630 1401 1670 1438 in
1694 1400 1773 1438 this
1795 1402 1943 1438 vniuer-

481 1463 568 1499 sitie
593 1474 679 1510 may
703 1462 797 1499 have
820 1468 883 1510 yo‘
905 1462 1037 1498 lettres
1059 1474 1159 1510 vpon
1184 1462 1262 1498 this
1286 1464 1424 1509 graunt
1448 1461 1572 1498 scaled
1597 1460 1662 1497 wth
1686 1467 1749 1509 yo‘
1770 1473 1942 1498 common

482 1521 582 1558 seale
1087 1545 1091 1550 -

390 1586 433 1618 15
458 1582 553 1628 Aug.
619 1581 730 1629 Maye
759 1581 791 1617 it
816 1581 942 1628 please
960 1593 1043 1629 yow
1069 1580 1108 1629 yt
1133 1586 1196 1628 yor
1219 1591 1391 1616 common
1417 1579 1517 1616 seale
1541 1591 1629 1627 may
1653 1578 1700 1616 be
1729 1581 1787 1615 set
1809 1582 1849 1615 to
1877 1579 1943 1616 the

481 1641 756 1688 quadripartite
790 1641 996 1678 Indenture
1029 1641 1139 1677 made
1171 1640 1337 1677 between
1372 1640 1437 1676 the
1470 1639 1608 1675 ffcoffes
1637 1639 1678 1674 of
1707 1638 1748 1675 S*
1773 1638 1939 1675 william

483 1701 668 1749 Pikeryng
692 1701 722 1736 Sc
747 1701 907 1737 Edward
932 1701 1086 1736 Wotton
1112 1700 1186 1736 and
1215 1700 1354 1736 Hester
1376 1700 1530 1735 Wotton
1557 1710 1660 1734 nowe
1683 1698 1794 1735 reade
1819 1697 1942 1734 before

479 1772 583 1807 yowe
