2002 3236
298 153 353 196 26
880 159 1033 192 emor.
1062 160 1186 191 Boox
1217 159 1247 192 Δ
1619 144 1840 202 [1544-45

297 265 398 301 Item
414 264 633 301 comeditur
652 265 796 300 Thome
818 263 1052 311 Segiswycke
1070 266 1111 298 vt
1132 262 1303 298 studium
1323 264 1467 308 septem
1483 271 1668 297 annorum
1684 259 1724 294 in
1740 258 1844 293 theo-

392 324 490 370 logia
516 326 718 370 postquam
747 323 955 359 necessario
981 323 1120 358 rexerit
1143 334 1230 358 eum
1254 321 1402 357 duobus
1430 319 1664 356 sermonibus
1693 329 1767 354 vno
1795 316 1844 352 ad

388 381 529 416 clerum
547 380 667 416 altero
682 379 730 416 ad
747 391 895 415 crucem
914 379 1020 415 Pauli
1037 384 1076 415 et
1092 379 1204 415 vnica
1224 378 1464 425 responsione
1485 377 1547 414 die
1567 375 1845 413 commitiorum

388 439 560 476 habenda
576 439 635 474 vel
657 438 829 486 pluribus
850 438 883 474 si
906 438 1104 484 exigantur
1127 437 1290 473 sufficiat
1312 436 1385 472 sibi
1407 441 1489 472 tam
1510 435 1558 472 ad
1580 432 1844 482 opponendum

387 509 503 544 quam
537 497 758 533 intrandum
792 496 832 532 in
861 496 1049 542 theologia
1081 496 1135 531 sic
1168 501 1211 531 vt
1243 494 1470 531 admittatur
1501 493 1550 530 ad
1581 491 1845 540 opponendum

389 556 500 592 hodie
516 559 556 592 et
576 556 624 592 ad
648 555 869 591 intrandum
893 554 941 591 ad
963 555 1103 591 festum
1126 555 1247 590 sancti
1272 553 1441 590 Barnabe
1457 565 1543 589 cum
1560 552 1714 598 reliquis
1733 550 1847 586 huius

389 616 480 652 anni
500 615 779 651 baechalaureis

296 677 395 712 Item
420 674 639 711 conceditur
662 674 842 720 magistro
870 672 1055 709 Olabroke
1079 675 1123 708 vt
1146 671 1316 708 studium
1342 673 1363 709 7
1388 682 1571 707 annorum
1597 670 1637 706 in
1662 668 1848 715 theologia

389 739 592 782 postquam
609 732 746 768 rexerit
767 744 855 768 cum
871 732 981 767 vnica
997 732 1238 779 responsione
1254 734 1344 767 ante
1359 731 1499 767 festum
1518 730 1658 766 Pasche
1680 729 1847 776 proxime

389 795 561 831 futurum
585 791 760 828 habenda
785 790 858 827 sub
879 803 978 838 pena
1000 791 1062 826 xls
1086 791 1127 826 in
1155 789 1333 826 manibus
1360 791 1647 837 procuratorum
1673 786 1847 835 ponenda

390 866 478 890 cum
516 852 664 890 duobus
702 851 938 888 sermonibus
971 863 1045 887 vno
1077 851 1126 887 ad
1158 851 1299 887 clerum
1331 850 1450 886 altero
1481 849 1530 886 ad
1561 861 1709 886 crucem
1744 847 1849 883 Pauli

390 915 553 952 sufficiat
584 914 619 950 ei
652 913 700 950 ad
733 912 997 960 opponendum
1034 915 1074 948 et
1110 911 1333 948 intrandum
1366 911 1406 946 in
1438 910 1626 956 theologia
1656 910 1710 945 sic
1746 908 1847 956 quod

391 974 620 1011 admittatur
642 976 722 1009 tam
744 971 793 1008 ad
816 971 1081 1019 opponendum
1103 983 1219 1018 quam
1239 970 1459 1007 intrandum
1481 969 1529 1006 ad
1551 969 1733 1017 placitum
1755 969 1851 1004 citra

391 1032 587 1069 commitia
611 1031 781 1078 proxima

299 1093 399 1128 Item
420 1090 639 1128 conceditur
660 1090 842 1136 magistro
859 1089 1105 1126 Sawnderson
1122 1093 1165 1126 vt
1181 1089 1351 1126 studium
1369 1091 1390 1127 7
1407 1099 1592 1124 annorum
1608 1088 1648 1124 in
1665 1086 1851 1133 theologia

392 1154 594 1198 postquam
626 1149 764 1186 rexerit
788 1149 827 1185 in
852 1148 1000 1185 artibus
1029 1161 1116 1186 cum
1140 1149 1251 1185 vnica
1275 1148 1514 1195 responsione
1537 1147 1597 1184 vel
1622 1146 1794 1195 pluribus
1818 1146 1850 1182 si

391 1210 590 1256 exigantur
617 1211 657 1245 et
684 1207 831 1244 duobus
858 1207 1095 1244 sermonibus
1123 1219 1197 1243 vno
1229 1206 1278 1243 ad
1306 1207 1447 1243 clerum
1475 1206 1594 1242 altero
1626 1205 1674 1242 ad
1703 1216 1850 1240 crucem

394 1269 501 1305 Pauli
535 1268 699 1304 sufficiat
731 1268 765 1304 ei
797 1267 847 1304 ad
879 1267 1145 1314 opponendum
1184 1274 1223 1303 et
1255 1265 1474 1302 intrandum
1507 1266 1547 1301 in
1579 1265 1766 1311 theologia
1797 1264 1852 1300 sic

392 1328 493 1375 quod
515 1327 743 1364 admittatur
763 1330 803 1363 et
825 1327 943 1363 intret
964 1326 1061 1363 citra
1082 1327 1253 1374 proxima
1276 1325 1473 1362 commicia
1494 1328 1610 1372 atque
1630 1324 1678 1362 ad
1701 1336 1850 1371 respon-

393 1388 537 1423 sionem
566 1397 675 1422 suam
703 1398 804 1422 anno
831 1386 1001 1433 proximo
1033 1384 1246 1421 habendam
1273 1384 1439 1431 deponat
1470 1384 1682 1420 cautionem
1715 1382 1852 1419 realem

394 1446 456 1482 xls
480 1445 520 1480 in
544 1443 721 1480 manibus
745 1447 1031 1491 procuratorum
1056 1446 1146 1479 ante
1169 1443 1251 1479 eius
1274 1441 1540 1478 admissionem

301 1506 401 1542 Item
424 1503 642 1541 conceditur
666 1503 847 1550 magistro
871 1503 1091 1551 Parkynson
1108 1505 1151 1538 vt
1173 1501 1343 1538 studium
1361 1503 1381 1539 7
1398 1513 1583 1537 annorum
1606 1501 1646 1536 in
1668 1500 1855 1547 theologia

396 1567 596 1612 postquam
621 1563 758 1599 rexerit
780 1562 820 1598 in
843 1561 990 1598 artibus
1013 1573 1100 1598 cum
1122 1560 1270 1597 duobus
1290 1559 1526 1597 sermonibus
1548 1572 1621 1597 vno
1642 1560 1690 1596 ad
1712 1560 1853 1596 clerum

397 1623 516 1660 altero
539 1622 587 1659 ad
613 1633 763 1658 crucem
788 1621 894 1658 Pauli
921 1626 960 1658 et
982 1632 1069 1657 cum
1095 1633 1168 1657 vna
1188 1620 1428 1668 responsione
1451 1619 1509 1656 vel
1531 1618 1703 1667 pluribus
1729 1619 1760 1655 si
1782 1620 1857 1655 exi-

397 1685 535 1729 gantur
551 1683 641 1716 ante
654 1680 824 1728 proxima
840 1679 1037 1716 commicia
1052 1679 1214 1715 sufficiat
1227 1679 1261 1714 ei
1274 1678 1321 1714 ad
1337 1677 1599 1725 opponendum
1618 1677 1657 1713 in
1671 1677 1855 1724 theologia

396 1744 437 1776 et
458 1739 678 1776 intrandum
700 1739 740 1775 in
765 1737 881 1775 libros
908 1738 1185 1774 sententiarum
1210 1737 1264 1773 sic
1288 1736 1391 1784 quod
1416 1735 1645 1772 admittatur
1667 1736 1716 1772 ad
1741 1736 1854 1783 placi-

398 1803 482 1835 tum
510 1800 550 1834 et
574 1797 798 1845 respondeat
823 1798 920 1833 citra
944 1797 1110 1834 natalem
1132 1796 1155 1832 J
1159 1796 1292 1833 oannis
1317 1796 1490 1843 Baptiste
1518 1795 1550 1831 si
1575 1794 1766 1831 doctorem
1794 1795 1855 1831 cui

399 1857 623 1905 respondeat
646 1857 839 1893 commode
863 1868 1080 1905 comparare
1104 1856 1225 1903 possit
1248 1858 1288 1892 et
1311 1858 1388 1892 stet
1410 1866 1602 1902 opponens
1626 1865 1743 1901 vsque
1764 1854 1855 1891 dum

398 1917 622 1966 respondeat

308 1977 406 2013 Item
430 1975 649 2013 conceditur
670 1975 851 2023 magistro
872 1974 1028 2011 Walhed
1052 1976 1095 2010 vt
1116 1973 1286 2010 studium
1310 1976 1455 2021 septem
1480 1984 1664 2009 annorum
1690 1972 1728 2009 in
1752 1972 1855 2009 theo-

398 2035 497 2082 logia
526 2038 728 2082 postquam
760 2034 897 2071 rexerit
923 2034 962 2070 in
989 2033 1136 2069 artibus
1159 2044 1246 2069 cum
1270 2031 1418 2069 duobus
1446 2031 1680 2068 sermonibus
1706 2043 1779 2068 vno
1808 2032 1857 2068 ad

401 2094 540 2131 clerum
564 2092 682 2130 altero
703 2093 750 2130 ad
773 2104 921 2130 crucem
946 2092 1051 2128 Pauli
1077 2095 1116 2128 et
1138 2103 1223 2128 cum
1247 2103 1320 2127 vna
1342 2091 1580 2139 responsione
1605 2091 1663 2127 vel
1686 2090 1857 2138 pluribus

400 2154 432 2189 si
454 2153 651 2200 exigantur
673 2152 836 2189 sufficiat
857 2152 891 2188 ei
914 2151 962 2188 ad
985 2150 1247 2199 opponendum
1270 2154 1309 2187 et
1331 2149 1550 2187 intrandum
1573 2149 1611 2186 in
1633 2161 1739 2186 sacra
1754 2149 1858 2186 theo-

401 2211 499 2259 logia
540 2212 594 2248 ita
625 2211 726 2259 quod
751 2210 980 2248 admittatur
1006 2214 1045 2246 et
1070 2209 1188 2246 intret
1218 2208 1266 2245 ad
1298 2208 1479 2257 placitum
1503 2212 1543 2244 et
1566 2210 1643 2245 stet
1667 2220 1858 2255 opponens

403 2282 520 2317 vsque
545 2269 593 2307 ad
618 2270 756 2307 festum
782 2269 903 2306 sancti
931 2267 1101 2305 Barnabe

153 2394 177 2431 f.
205 2392 250 2430 12
266 2404 291 2429 ⁸
312 2397 408 2433 item
438 2396 656 2433 conceditur
682 2395 803 2433 eidem
831 2399 874 2431 vt
900 2394 1091 2443 responsio
1115 2394 1163 2431 ad
1190 2405 1304 2442 quam
1331 2397 1481 2431 tenetur
1503 2393 1643 2431 differri
1672 2394 1792 2441 possit
1819 2395 1856 2431 in

405 2455 614 2503 proximum
637 2465 779 2491 annum
802 2453 981 2501 quoniam
1004 2451 1135 2488 doctor
1150 2463 1263 2499 quem
1287 2452 1435 2499 paravit
1456 2451 1648 2488 commode
1664 2451 1858 2499 disputare

405 2525 479 2550 non
505 2516 630 2561 potest
654 2513 750 2549 citra
775 2512 945 2560 proxima
969 2510 1162 2547 commitia
1185 2508 1256 2546 sub
1281 2521 1377 2557 pena
1402 2509 1536 2557 prioris
1559 2509 1745 2546 cautionis

313 2572 408 2609 item
442 2571 683 2620 dispensatur
711 2583 797 2608 oum
828 2570 1066 2619 responsione
1095 2569 1143 2607 ad
1171 2580 1285 2617 quam
1319 2573 1469 2606 tenetur
1500 2569 1677 2616 magister
1710 2569 1858 2606 Marten

405 2631 588 2678 theologie
613 2630 903 2667 bacehalaureus
934 2629 1113 2678 superiori
1147 2640 1246 2666 anno
1269 2628 1323 2665 sie
1346 2627 1446 2676 quod
1475 2627 1598 2665 solvat
1623 2629 1859 2666 vuiuersitati

407 2689 523 2738 xxvjs
546 2689 647 2738 viijd

315 2749 411 2785 Item
440 2748 681 2796 dispensatur
708 2759 793 2784 eum
827 2747 1006 2795 magistro
1036 2746 1178 2783 Blanke
1207 2758 1273 2795 pro
1302 2745 1539 2794 responsione
1570 2757 1640 2782 sua
1667 2745 1715 2783 ad
1743 2759 1856 2794 quam

409 2811 560 2844 tenetur
581 2808 726 2844 ratione
750 2806 887 2855 gradus
918 2805 1247 2843 baechalaureatus
1276 2805 1314 2843 in
1343 2804 1528 2853 theologia
1552 2805 1732 2853 superiori
1760 2818 1859 2843 anno
