2008 3294
179 151 399 208 1576-77]
769 163 920 195 emon
952 163 1074 194 Boot<
1108 163 1137 194 Δ
1640 150 1722 191 301

176 267 271 315 Otys
456 268 532 305 Tri.
691 267 715 303 J
717 279 830 303 acson
973 267 997 303 J
999 279 1030 304 0.
1209 265 1312 302 Snell
1489 264 1514 300 J
1515 276 1549 302 o.

177 326 339 374 Byrches
458 327 585 374 Regin,
694 326 782 362 Sled
855 347 866 378 χ
1211 324 1344 372 Bright
1490 324 1579 361 Chr.

175 385 364 421 Atherton
693 386 797 422 Tolle
1211 383 1397 430 Downing
1494 383 1555 420 Be.

177 444 349 480 Driwood
694 444 838 480 Stallon
1030 485 1037 492 ¹
1213 443 1321 479 Lowe
1493 441 1518 477 J
1519 453 1550 478 e.

176 503 371 550 Chapman
695 503 845 538 Hutton
975 485 1050 521 Tm·
1212 500 1340 536 Rucke
1491 500 1552 537 Be.

176 563 272 598 Rose
490 551 521 574 ¹⁸¹
694 562 835 598 Blande
1212 560 1337 606 Tonge
1493 559 1614 606 Magd.

175 623 302 669 Anger
694 621 834 666 Burges
1447 621 1494 656 93

176 682 314 718 Dalton

173 879 398 916 Conceditur
414 883 437 916 9
455 880 681 917 Novembris
699 885 741 917 vt
759 881 1074 917 honoratissimus
1090 880 1267 917 dominus
1282 881 1318 918 d.
1341 880 1538 928 Philippus
1565 879 1725 916 Haward
1743 881 1768 919 f.
1795 880 1867 919 121
1891 894 1914 918 a

270 952 394 976 comes
412 940 552 988 Surray
569 944 766 988 cooptetur
783 942 822 976 in
840 940 1009 977 ordinem
1027 940 1291 987 magistrorum
1310 941 1347 976 in
1365 940 1512 976 artibus
1529 940 1582 975 sic
1597 944 1638 976 vt
1651 951 1725 975 non

269 1001 438 1035 arctetur
463 998 510 1035 ad
536 999 702 1046 aliquam
727 1000 975 1035 ceremoniam
1000 999 1150 1035 solitam
1173 998 1362 1035 observari
1387 999 1435 1035 ab
1460 998 1727 1046 incipientibus

271 1057 310 1093 in
336 1056 466 1094 eadem
492 1058 673 1094 facultate
697 1057 763 1094 sed
789 1061 941 1094 tantum
967 1057 1195 1094 admittatur
1219 1058 1267 1094 ad
1293 1058 1475 1105 placitum
1500 1058 1553 1093 sic
1580 1062 1621 1093 vt
1646 1058 1726 1093 eius

269 1107 448 1153 adfflissio
465 1119 543 1153 stet
559 1117 592 1153 ei
610 1129 678 1164 pro
694 1117 891 1164 completis
908 1117 1025 1164 gradu
1045 1121 1084 1153 et
1105 1117 1225 1153 forma
1245 1121 1284 1153 et
1304 1117 1505 1164 promittat
1527 1116 1725 1152 observan-

269 1176 363 1212 tiam
392 1176 672 1223 privilegiorum
699 1180 738 1212 et
765 1176 1083 1212 consuetudinum
1114 1177 1226 1213 huius
1254 1177 1516 1213 vniuersitatis
1543 1176 1724 1224 approba-

271 1237 396 1271 torum
457 1236 568 1272 Mem.
582 1236 683 1283 quod
700 1236 798 1272 idem
816 1238 1057 1284 presentatus
1072 1239 1131 1272 est
1150 1239 1193 1272 12
1213 1235 1437 1272 Novembris
1454 1247 1520 1283 per
1535 1235 1724 1272 doctorem

270 1294 483 1330 Chaderton
502 1295 541 1330 in
558 1294 692 1331 habitu
719 1295 895 1342 Regentis
918 1300 957 1331 et
979 1294 1085 1331 dedit
1108 1294 1217 1331 fldem
1242 1294 1386 1331 doctori
1410 1294 1611 1341 Whitgifte
1634 1298 1725 1330 tunc

269 1352 451 1400 deputato
467 1352 610 1389 domini
629 1354 906 1400 procancellarii
925 1358 966 1390 vt
983 1353 1150 1389 marchio
1169 1353 1204 1389 N
1207 1353 1392 1401 orthamp.
1411 1365 1527 1400 supra
1545 1353 1568 1389 f.
1587 1352 1673 1401 [104
1687 1353 1725 1401 b]

268 1414 308 1448 et
335 1412 488 1460 agnovit
517 1412 711 1449 dominam
740 1413 907 1460 reginam
936 1425 1153 1460 supremam
1182 1413 1485 1459 gubernatricem
1513 1416 1572 1449 etc
1597 1418 1637 1449 et
1661 1413 1724 1449 ad-

268 1471 406 1508 missus
421 1474 480 1508 est
497 1475 540 1508 vt
556 1472 690 1520 reliqui
708 1473 756 1509 ad
773 1473 932 1520 gradum
949 1473 1155 1520 magisterii
1173 1472 1357 1509 flectendo
1373 1475 1412 1509 et
1429 1472 1631 1509 osculando

174 1531 316 1568 Eadem
332 1531 455 1579 gratia
471 1532 691 1568 conceditur
707 1532 842 1569 vltimo
860 1531 1087 1569 Novembris
1101 1532 1393 1569 honoratissimo
1406 1531 1560 1568 domino
1571 1531 1726 1568 domino

270 1591 333 1628 W⁰
362 1591 527 1628 Burcher
557 1592 695 1628 Oomiti
727 1593 974 1629 Bathoniensi
1003 1596 1043 1628 et
1072 1593 1364 1629 honoratissimo
1392 1592 1544 1628 domino
1573 1592 1726 1628 domino

269 1650 426 1696 Georgio
442 1650 605 1698 Olyfford
623 1650 762 1687 Oomiti
780 1650 1070 1688 Oumberlandie
1119 1652 1190 1696 Qui
1215 1651 1422 1698 presentati
1446 1663 1512 1698 per
1533 1651 1724 1687 doctorem

269 1709 482 1746 Ohaderton
499 1709 653 1745 admissi
671 1712 761 1745 sunt
778 1713 820 1745 vt
836 1721 951 1756 supra

630 1972 924 2016 Practicantes
955 1972 1001 2015 in
1032 1972 1253 2030 chirurgia

174 2102 400 2139 Conceditur
424 2105 469 2139 28
493 2103 517 2139 J
522 2103 601 2140 unii
626 2103 806 2150 magistro
828 2103 891 2140 W⁰
917 2103 1133 2140 Bramforth
1161 2104 1209 2141 de
1239 2104 1382 2141 Boston
1412 2108 1455 2142 vt
1482 2106 1654 2143 studium
1682 2114 1721 2144 et

269 2162 434 2209 practica
447 2164 468 2200 7
485 2173 669 2198 annorum
686 2162 726 2198 in
743 2162 931 2209 chirurgia
947 2162 1110 2199 sufficiat
1125 2163 1160 2199 ei
1176 2163 1225 2200 ad
1241 2163 1526 2211 practicandum
1540 2165 1580 2201 in
1590 2165 1722 2203 eadem

269 2220 323 2257 sic
347 2224 390 2256 vt
414 2221 496 2257 eius
519 2221 685 2268 cognicio
709 2222 815 2269 prius
842 2215 1080 2258 examinetur
1107 2225 1148 2258 et
1175 2222 1407 2270 approbetur
1434 2235 1502 2272 per
1529 2224 1721 2261 doctorem

271 2279 422 2328 Lorkyn
444 2280 588 2327 regium
611 2280 795 2317 medicine
817 2281 1064 2328 professorem
1087 2284 1126 2319 et
1149 2294 1215 2330 per
1236 2282 1399 2319 eundem
1421 2287 1661 2330 presentetur
1682 2289 1721 2320 et

269 2350 382 2385 super
407 2338 478 2374 hac
504 2343 630 2376 vestra
655 2341 894 2376 concessione
918 2341 1046 2377 literas
1072 2341 1210 2378 habeat
1235 2342 1418 2388 sigillatas
1447 2343 1569 2389 sigillo
1598 2346 1723 2380 vestro

268 2408 457 2434 commum

175 2456 316 2551 Eadeff
328 2457 452 2552 33,ὺέ
461 2457 678 2494 conceditur
691 2462 729 2493 5⁰
740 2458 764 2494 J
766 2458 832 2494 ulii
845 2458 1027 2495 Nicholao
1040 2459 1228 2496 Colburne
1240 2460 1287 2496 de
1300 2460 1472 2497 Watsord
1486 2462 1525 2497 in
1538 2463 1723 2499 comitatu

310 2527 352 2551 er
386 2527 408 2551 o
454 2528 488 2552 1e
