2008 3216
159 157 380 212 1562-63]
737 165 889 200 GRACE
919 168 1043 200 ΒοοΚ
1074 168 1104 199 Δ
1622 157 1704 198 165

627 404 745 447 Ordo
775 403 1042 446 senioritatis
1073 405 1098 446 6
1130 402 1240 445 Julii

307 516 369 552 Mr
384 517 619 565 Wylkynson
822 517 1026 554 Machabee
1227 516 1414 563 Valenger

388 575 580 623 Stanhope
824 576 996 612 Asheton
1229 575 1387 622 Dakyns

390 634 561 681 Derynge
825 634 953 670 Moore
1232 634 1353 669 Becke

389 692 535 728 Palmer
827 692 1009 729 Robertes
1231 692 1398 739 Buckley

388 751 531 798 Hayles
825 752 1043 800 Wythipole
1230 751 1364 798 Oollyn

387 810 522 857 Kynge
827 811 1086 857 Bredgewater
1229 810 1388 858 Smythe

386 869 555 906 Tonstall
824 869 995 905 Johnson
1231 868 1430 905 Simondes
1446 867 1622 917 [Symon]

385 929 521 965 Sertori
824 929 861 964 N
863 932 972 965 orton
1230 928 1394 964 Richard

384 988 408 1023 J
410 999 442 1024 a.
462 987 586 1024 Oooke
603 987 712 1034 (Tri.)
824 987 943 1023 Fulke
1230 987 1363 1022 Foster

385 1047 512 1083 Power
822 1046 964 1083 Webbe
1230 1046 1396 1082 Holland

383 1105 486 1141 Allet
820 1105 953 1141 Trotte
1227 1105 1361 1140 Oarter

382 1164 486 1201 Gode
822 1163 1016 1200 Oastelton
1227 1163 1428 1199 Stockdale

384 1224 518 1260 Powell
823 1223 952 1259 Bonde
1228 1222 1390 1270 Copleye

383 1284 552 1320 Hatcher
822 1283 1005 1319 Matthew
1226 1282 1358 1329 Wight

382 1342 505 1379 Furde
523 1342 630 1389 (Tri.)
822 1341 976 1389 inrian
995 1340 1163 1390 [valera]

147 1450 257 1486 Mem.
284 1448 385 1496 quod
413 1448 589 1484 dominus
620 1447 757 1483 Holme
786 1459 861 1483 non
891 1447 1066 1484 interfuit
1092 1447 1256 1482 comitiis
1282 1449 1554 1493 preoccupatus
1579 1450 1701 1482 morte

240 1507 341 1556 apud
366 1507 557 1544 Stamford

627 1718 876 1762 Practicans
907 1718 952 1760 in
984 1717 1204 1773 chirurgia

146 1833 374 1870 Conceditur
404 1835 448 1868 14
478 1831 571 1868 Nov.
605 1833 693 1867 1561
731 1830 929 1866 Francisco
962 1829 1151 1866 Ederman
1182 1834 1224 1865 vt
1257 1829 1428 1865 studium
1461 1831 1500 1864 et
1533 1829 1700 1876 practica

239 1906 263 1929 x
279 1904 463 1929 annorum
486 1892 525 1928 in
548 1891 737 1937 chirurgia
759 1890 922 1926 sufficiat
945 1890 979 1926 ei
1002 1890 1050 1926 ad
1073 1889 1360 1937 practicandum
1379 1889 1417 1924 in
1435 1888 1566 1924 eadem
1583 1889 1698 1925 facul-

238 1956 318 1990 tate
350 1954 502 1989 tantum
531 1951 584 1986 sic
611 1954 654 1986 vt
682 1950 763 1986 eius
795 1950 959 1996 cognitio
991 1949 1222 1997 approbetur
1254 1961 1320 1996 per
1347 1949 1518 1985 doctores
1547 1948 1700 1985 Walker

239 2013 278 2047 et
304 2010 459 2046 Bounde
482 2012 522 2046 et
547 2008 696 2056 publice
721 2008 761 2044 in
787 2008 898 2054 plena
922 2007 1206 2054 congregatione
1236 2007 1460 2053 Regentium
1490 2018 1557 2054 per
1580 2018 1699 2043 vnum

239 2081 368 2106 eorum
393 2069 632 2116 presentetur
655 2070 694 2103 et
718 2066 856 2102 habeat
881 2066 1010 2102 literas
1036 2065 1149 2101 huius
1175 2069 1297 2101 vestre
1322 2065 1571 2101 concessionis
1597 2065 1697 2112 sigil-

237 2129 335 2165 latas
366 2127 487 2174 sigillo
519 2129 645 2162 vestro
675 2126 868 2164 communi
946 2126 1190 2161 Presentatus
1222 2136 1289 2171 per
1320 2123 1511 2160 doctorem
1547 2124 1698 2160 Walker

238 2186 326 2234 xxiij
353 2185 527 2223 Octobris
554 2187 645 2221 1562

591 2401 901 2446 Bacchalaurei
931 2402 978 2444 in
1007 2401 1103 2445 iure
1133 2400 1252 2443 civili
1710 2386 1736 2427 f·
1761 2387 1811 2426 69
1828 2388 1854 2426 b

143 2519 368 2557 Conceditur
383 2519 437 2556 vt⁰
453 2518 646 2555 Februarii
672 2517 789 2555 Henr.
814 2518 941 2554 Moore
963 2520 1007 2554 vt
1027 2516 1199 2553 studium
1222 2515 1320 2562 viijw
1335 2526 1521 2551 annorum
1546 2514 1585 2549 in
1610 2513 1691 2549 iure

235 2578 335 2615 civili
364 2589 450 2614 cum
478 2578 599 2614 multa
627 2577 794 2624 practica
819 2578 858 2613 in
883 2576 1014 2612 eodem
1038 2579 1078 2612 et
1102 2587 1189 2611 cum
1214 2573 1515 2622 oppositionibus
1539 2584 1687 2619 respon-

235 2637 404 2674 sionibus
427 2642 467 2673 et
491 2637 576 2673 aliis
601 2636 790 2673 exercitiis
815 2647 884 2683 per
912 2635 1028 2682 Regia
1056 2638 1205 2670 statuta
1232 2633 1426 2680 requisitis
1454 2631 1690 2679 perficiendis

234 2699 333 2735 infra
354 2710 496 2735 annum
518 2701 606 2745 post
627 2698 709 2734 eius
731 2697 998 2733 admissionem
1021 2694 1093 2731 sub
1114 2705 1211 2741 pena
1231 2693 1308 2740 iiijss
1326 2691 1498 2739 ponenda
1514 2691 1553 2726 in
1570 2691 1689 2726 mani-

234 2757 307 2794 bus
322 2761 606 2805 procuratorum
623 2760 712 2793 ante
728 2757 810 2792 eius
825 2755 1092 2791 admissionem
1114 2753 1275 2790 sufficiat
1294 2753 1327 2788 ei
1344 2751 1393 2787 ad
1412 2750 1631 2787 intrandum
1650 2750 1689 2785 in

235 2816 365 2853 eodem
389 2817 470 2853 iure
518 2817 761 2852 Presentatus
783 2827 850 2862 per
871 2815 1063 2851 doctorem
1085 2812 1210 2849 Furde
1233 2814 1279 2848 26
1303 2811 1433 2847 Martii
1453 2813 1546 2847 1563
1567 2809 1689 2855 <foris-

235 2874 325 2911 fecit
340 2875 473 2923 maa-9.)
