2008 3216
308 188 364 229 94
904 199 1056 232 cumn
1087 200 1210 232 Boon
1243 199 1271 231 Δ
1633 189 1854 245 [1553-54

310 491 500 535 Admissi
540 493 595 536 ad
637 493 988 551 respondendum
1023 493 1244 551 questioni
1274 493 1350 536 sed
1382 509 1467 537 non
1499 494 1854 538 determinabant

655 576 797 618 neque
827 567 932 604 sunt
961 561 1194 605 actualiter
1222 561 1524 605 bacchalaurei

306 682 403 718 Item
421 682 640 718 conceditur
654 681 678 717 J
681 681 820 717 ohanni
838 681 989 728 Yonges
1006 683 1048 717 vt
1070 684 1111 717 ll
1132 681 1284 717 termini
1303 693 1390 718 cum
1406 682 1569 718 termino
1585 683 1625 718 in
1642 694 1718 730 quo
1733 683 1855 720 deter-

398 741 613 778 minaturus
629 743 688 777 est
703 740 743 776 in
760 739 899 787 quibus
914 740 1094 777 lectiones
1110 740 1318 777 ordinaria-s
1334 741 1484 778 audiuit
1504 741 1593 778 licet
1609 754 1685 778 non
1701 743 1855 780 omnino

398 799 605 837 secundum
630 801 790 836 formam
813 801 950 836 statuti
972 812 1059 837 cum
1086 801 1386 848 oppositionibus
1410 803 1450 838 et
1471 802 1776 849 responsionibus
1799 815 1854 840 re-

397 860 550 907 quisitis
566 859 755 896 sufficiant
771 860 805 896 ei
822 859 870 896 ad
887 860 1189 907 respondendum
1206 861 1395 908 questioni

306 921 404 957 Item
433 919 652 956 conceditur
675 920 818 956 Thome
852 920 967 957 Ithell
995 923 1038 957 vt
1066 924 1111 957 12
1137 921 1290 957 termini
1317 921 1357 956 in
1386 920 1525 968 quibus
1552 921 1732 958 lectiones
1757 922 1857 959 ordi-

399 980 525 1016 narias
556 979 706 1016 audiuit
737 979 826 1016 licet
858 992 934 1017 non
972 980 1125 1017 omnino
1158 980 1365 1017 secundum
1401 981 1561 1018 formam
1599 981 1736 1018 statuti
1768 994 1855 1018 cum

398 1038 698 1086 oppositionibus
726 1038 1033 1087 responsionibus
1058 1043 1098 1076 et
1130 1040 1215 1076 aliis
1239 1040 1427 1077 exercitiis
1450 1040 1644 1088 requisitis
1667 1040 1856 1078 sufficiant

398 1098 432 1135 ei
457 1097 506 1135 ad
531 1097 832 1146 respondendum
857 1099 1047 1146 questioni

61 1372 67 1378 '
139 1366 167 1406 f.
189 1366 240 1407 37
261 1367 288 1405 b
841 1368 1041 1426 Magistri
1072 1367 1118 1411 in
1147 1368 1318 1412 artibus

307 1486 404 1523 Item
422 1486 640 1524 conceditur
655 1487 809 1524 domino
826 1487 939 1524 Owen
962 1490 1006 1524 vt
1027 1499 1163 1524 novem
1181 1487 1334 1524 termini
1356 1495 1443 1536 post
1465 1489 1615 1527 finalem
1631 1491 1713 1527 eius
1734 1490 1854 1528 deter-

399 1545 646 1583 minationem
670 1546 710 1582 in
735 1545 874 1593 quibus
894 1546 1074 1583 lectiones
1096 1545 1304 1583 ordinarias
1325 1546 1474 1584 audiuit
1495 1547 1584 1585 licet
1605 1560 1682 1586 non
1703 1550 1856 1587 omnino

400 1605 606 1642 secundum
638 1606 798 1642 formam
831 1606 968 1643 statuti
1001 1617 1086 1642 cum
1121 1604 1244 1642 tribus
1273 1606 1578 1654 responsionibus
1605 1608 1794 1645 sufficiant
1821 1609 1855 1646 ei

399 1663 446 1701 ad
472 1664 730 1712 incipiendum
755 1665 795 1701 in
819 1664 968 1702 artibus

306 1723 447 1759 Eadem
468 1724 591 1771 gratia
613 1724 661 1761 de
682 1724 796 1761 verbo
815 1725 855 1761 in
880 1723 1036 1761 verbum
1059 1723 1276 1760 conceditur
1298 1724 1461 1761 dominis
1485 1725 1620 1762 Stokes
1643 1726 1855 1775 Hawsoppe

400 1781 550 1820 Worme
567 1783 675 1831 Style
692 1783 954 1831 Etheryngton
972 1782 1113 1820 Clitero
1130 1785 1169 1819 et
1185 1782 1356 1819 Wendon

306 1842 404 1878 Item
421 1842 638 1879 conceditur
654 1843 846 1879 Bernardo
863 1843 996 1879 Mason
1014 1846 1057 1879 vt
1072 1842 1243 1879 studium
1257 1854 1280 1878 x
1296 1854 1481 1880 annorum
1495 1845 1534 1880 in
1547 1844 1667 1883 literis
1684 1845 1855 1883 humani-

398 1901 526 1938 oribus
557 1905 597 1939 et
622 1902 706 1939 aliis
738 1901 885 1939 artibus
917 1902 1080 1938 sufficiet
1112 1902 1147 1938 ei
1175 1901 1223 1939 ad
1253 1902 1508 1950 incipiendum
1529 1904 1568 1940 in
1597 1904 1744 1942 artibus
1793 1907 1855 1944 Sic

398 1960 497 2007 quod
516 1964 574 1997 ter
596 1961 820 2009 respondeat
842 1965 931 1997 ante
953 1961 1035 1997 eius
1056 1960 1322 1998 admissionem
1349 1961 1460 1998 modo
1482 1967 1608 2000 vestra
1624 1964 1855 2003 authoritate

398 2019 621 2067 respondere
654 2020 776 2068 pooeit
808 2020 855 2056 ad
889 2021 1046 2056 formam
1087 2019 1324 2057 bachalaurei
1358 2025 1396 2057 et
1428 2022 1551 2059 solvat
1588 2024 1718 2060 serm-io
1755 2036 1854 2062 com-

398 2079 503 2115 muni
530 2090 630 2115 xxxs

305 2138 402 2175 Item
428 2138 646 2175 conceditur
668 2138 821 2175 domino
847 2138 981 2186 Abney
1006 2143 1048 2174 vt
1073 2150 1137 2175 sex
1161 2138 1313 2175 termini
1344 2145 1430 2187 post
1454 2140 1603 2177 finalem
1629 2142 1710 2179 eius
1733 2143 1854 2181 deter-

399 2197 644 2233 minationem
668 2197 705 2233 in
730 2196 870 2244 quibus
892 2197 1071 2233 lectiones
1093 2197 1301 2234 ordinarias
1323 2198 1471 2235 audiuit
1493 2199 1581 2236 licet
1604 2212 1678 2237 non
1701 2203 1855 2240 omnino

397 2255 603 2293 secundum
622 2256 779 2292 sormam
803 2255 940 2292 statuti
964 2267 1050 2293 cum
1067 2254 1191 2293 tribus
1213 2257 1517 2304 responsionibus
1537 2259 1728 2297 sufficiant
1750 2261 1782 2297 ei
1805 2261 1854 2299 ad

397 2314 651 2363 incipiendum
670 2315 707 2351 in
725 2314 872 2351 artibus

306 2375 402 2411 item
431 2374 648 2411 conceditur
674 2374 827 2411 domino
857 2374 1042 2411 Hatchett
1069 2378 1110 2411 vt
1139 2386 1271 2411 novem
1298 2376 1449 2412 termini
1476 2380 1561 2424 post
1594 2378 1743 2416 finalem
1772 2380 1854 2418 cius

396 2433 751 2471 deterininacioncni
788 2433 824 2470 in
859 2433 998 2480 quibus
1031 2433 1209 2471 lectiones
1242 2434 1448 2471 ordinarias
1480 2435 1629 2473 audiuit
1658 2436 1745 2475 licet
1778 2450 1850 2477 non

397 2495 551 2532 omnino
567 2493 772 2531 secundum
788 2494 944 2530 formam
959 2494 1094 2530 statuti
1113 2505 1197 2530 cum
1213 2494 1336 2531 tribus
1349 2494 1654 2542 responsionibus
1665 2497 1855 2536 sufficiant

397 2554 430 2591 ei
449 2554 495 2591 ad
515 2553 769 2603 incipiendum
789 2554 826 2590 in
845 2553 991 2590 artibus

307 2613 444 2651 Eadem
470 2614 591 2661 gratia
613 2613 660 2651 de
684 2612 796 2649 verbo
822 2613 860 2649 in
885 2611 1040 2649 verbum
1063 2612 1280 2650 conceditur
1301 2612 1464 2650 dominis
1492 2613 1706 2652 Kettleston
1729 2615 1853 2655 Oooke

401 2672 563 2721 Kyddau
588 2678 627 2709 et
653 2672 788 2721 Taylor

307 2732 401 2769 item
426 2732 644 2770 conceditur
664 2732 817 2770 domino
841 2731 994 2781 Gybbes
1020 2735 1061 2768 vt
1084 2743 1147 2769 sex
1170 2731 1320 2768 termini
1345 2735 1431 2780 post
1456 2732 1604 2770 finalem
1626 2733 1708 2771 eius
1732 2734 1851 2773 deter-

399 2792 644 2829 minationem
668 2792 706 2829 in
730 2790 869 2839 quibus
892 2791 1070 2829 lectiones
1093 2790 1302 2829 ordinarias
1323 2791 1471 2829 audiuit
1491 2791 1579 2829 licet
1603 2805 1674 2830 non
1699 2795 1853 2832 omnino

397 2850 603 2889 secundum
621 2852 779 2888 formam
803 2850 939 2888 statuti
963 2862 1048 2888 cum
1073 2849 1195 2888 tribus
1218 2849 1521 2899 responsionibus
1537 2852 1726 2890 sufficiant
1747 2854 1780 2891 ei
1803 2854 1851 2892 ad

399 2909 651 2959 incipiendum
671 2911 708 2947 in
726 2910 873 2948 artibus
