2008 3294
217 1605 384 1657 fivl58b

405 236 490 277 434

991 242 1144 275 GRAca
1175 243 1299 274 BOOK
1330 242 1360 273 Δ
1734 231 1955 286 [1588-89

405 348 498 386 0011.
533 348 636 395 Regi.
693 347 924 384 Conceditur
951 346 1142 382 Willelmo
1170 346 1194 382 J
1197 358 1313 393 esopp
1341 345 1610 382 bacchalaureo
1637 346 1779 382 artium
1807 344 1845 380 in
1875 355 1958 380 aca-

498 407 624 444 demia
656 407 859 444 Oxoniensi
893 409 933 442 et
965 418 1068 442 nunc
1100 406 1140 442 in
1173 409 1343 442 nostram
1377 405 1609 442 academiam
1646 405 1883 451 incorporato
1914 405 1958 438 vt

498 467 671 503 studium
703 469 875 514 tempora
909 469 948 502 et
976 466 1103 502 omnia
1135 465 1361 501 scholastica
1393 465 1570 501 exercitia
1601 477 1668 512 per
1699 466 1847 500 statuta
1874 474 1956 499 aca-

497 526 620 562 demie
637 525 861 562 Oxoniensis
877 525 925 560 ad
943 524 1099 571 gradum
1118 525 1326 571 magisterii
1342 525 1382 560 in
1399 524 1546 560 artibus
1562 523 1744 571 requisita
1760 523 1958 570 diligenter

497 588 537 621 et
564 583 808 620 laudabiliter
835 583 884 619 ab
913 595 957 619 eo
986 583 1063 619 iam
1092 586 1247 630 peracta
1278 585 1405 630 (prout
1433 595 1501 631 per
1527 584 1658 620 literas
1685 581 1958 619 testimoniales

498 643 793 680 vicecancellarii
822 642 964 678 ibidem
991 643 1184 678 communi
1211 643 1334 690 sigillo
1360 643 1578 690 obsignatas
1602 642 1754 690 planius
1779 652 1958 689 apparere

498 703 639 749 potest)
664 702 853 737 sufficiant
877 701 912 737 ei
936 700 985 737 ad
1010 701 1267 748 incipiendum
1291 702 1332 737 in
1356 701 1503 738 artibus

404 761 632 799 Conceditur
659 763 682 798 6
708 761 815 797 Junii
842 764 885 797 vt
912 760 1118 808 prenobilis
1144 760 1322 797 dominus
1352 762 1541 798 Henricus
1567 761 1701 798 Comes
1730 759 1957 806 Soutbamp-

499 821 684 857 toniensis
706 820 884 856 dominus
900 820 1158 868 Wriothosley
1174 820 1353 856 alumnus
1369 823 1494 856 vester
1513 823 1710 867 cooptetur
1728 819 1768 854 in
1788 817 1957 854 ordinem

498 879 766 926 magistrorum
789 879 829 914 in
852 878 1000 915 artibus
1023 879 1077 914 sic
1097 881 1140 914 vt
1162 890 1238 914 non
1260 882 1429 915 arctetur
1450 878 1498 915 ad
1519 878 1687 925 aliquam
1708 876 1956 914 ceremoniam

498 938 650 974 solitam
674 937 867 974 observari
892 937 942 974 ab
966 937 1238 984 incipientibus
1262 938 1303 973 in
1327 937 1458 974 eadem
1482 937 1664 974 facultate
1685 936 1751 972 sed
1773 947 1859 972 cum
1882 934 1957 982 pri-

500 1009 605 1033 mum
631 996 780 1044 publice
806 999 846 1033 et
872 997 911 1032 in
938 1000 1075 1033 senatu
1102 996 1256 1033 domino
1284 997 1572 1044 procancellario
1599 996 1713 1033 fidem
1740 995 1886 1032 dederit
1910 994 1958 1031 de

500 1057 733 1093 observando
750 1056 945 1104 privilegia
960 1059 999 1093 et
1016 1056 1308 1093 consuetudines
1327 1057 1441 1093 huius
1458 1056 1716 1093 vniuersitatis
1731 1053 1958 1102 approbatas

500 1117 634 1153 statim
656 1117 704 1152 ad
727 1116 911 1164 placitum
933 1116 1163 1153 admittatur
1220 1117 1272 1152 Et
1291 1116 1372 1153 eius
1391 1116 1569 1152 admissio
1585 1118 1662 1152 stet
1677 1126 1746 1163 pro
1762 1114 1959 1162 completis

499 1175 618 1223 gradu
643 1180 682 1211 et
706 1176 828 1211 forma
853 1176 892 1211 in
918 1175 983 1211 illa
1007 1176 1190 1212 facultate
1249 1176 1311 1212 Ita
1335 1179 1464 1212 tamen
1489 1179 1532 1212 vt
1555 1175 1595 1211 in
1620 1175 1801 1222 proximis
1822 1173 1959 1210 vestris

499 1235 731 1271 solemnibus
757 1235 924 1271 comitiis
950 1247 1037 1271 cum
1064 1236 1191 1283 aliquo
1218 1235 1455 1283 publicorum
1481 1234 1789 1283 respondentium
1813 1234 1893 1271 sive
1918 1234 1958 1270 in

498 1295 679 1342 vesperiis
703 1295 782 1331 sive
807 1295 847 1330 in
872 1294 933 1331 die
957 1294 1127 1342 disputet

666 1614 784 1658 Ordo
815 1615 1082 1660 senioritatis
1113 1619 1418 1676 magistrorum
1449 1618 1495 1662 in
1525 1619 1692 1663 artibus

399 1758 541 1806 Jesopp
684 1760 824 1808 Regiae
921 1762 1044 1799 Green
1203 1764 1247 1801 G.
1267 1764 1349 1801 Caii
1442 1764 1634 1801 Holliman
1722 1765 1811 1803 Ben.

402 1817 575 1865 Ingrame
683 1820 806 1867 Magd.
921 1822 957 1858 N
960 1822 1098 1858 icolson
1203 1823 1290 1860 Chr.
1440 1823 1585 1860 Crewes

402 1877 534 1914 Loftus
684 1879 708 1915 J
710 1891 760 1917 es,
923 1881 1066 1927 Sparke
1206 1883 1294 1929 Reg.
1442 1883 1585 1930 Sharpe
1594 1833 1609 1926 i
1726 1854 1813 1902 Reg‘

400 1935 603 1973 Couldwell
684 1938 772 1975 Ben.
921 1940 1083 1977 Gerrard
1204 1942 1278 1978 Tri.
1440 1941 1591 1978 Griffith
1722 1940 1846 1989 Magd.

401 1993 619 2031 Gouthman
686 1996 730 2032 G.
747 1996 778 2032 δι
795 1996 836 2034 C.
921 1998 1106 2035 Gardiuer
1205 2000 1291 2047 Reg.
1440 2000 1583 2036 Mox-res
1721 2000 1744 2036 J
1747 2012 1778 2037 0.

400 2053 510 2089 Sams
685 2055 821 2093 Bened.
923 2057 1046 2094 Lister
1205 2059 1313 2096 Clare
1442 2059 1567 2096 Lewes
1724 2059 1846 2107 Magd.

402 2112 522 2149 Leake
682 2115 757 2152 Tri.
920 2117 1062 2154 Barker
1202 2119 1277 2156 Tri.
1440 2119 1646 2155 Richeman
1722 2120 1821 2157 Pem.

401 2170 526 2207 Fuller
686 2173 762 2211 Pet.
922 2175 1032 2211 Hunt
1204 2177 1278 2215 Tri.
1440 2177 1592 2214 Walker
1722 2178 1808 2216 Chr.

400 2228 523 2276 Graye
682 2231 769 2269 Chr.
920 2233 1057 2270 Currer
1203 2236 1290 2274 Chr.
1442 2236 1551 2273 Allen
1722 2238 1821 2274 Pem.

400 2288 525 2325 Cooke
680 2290 703 2326 J
706 2290 766 2328 oh.
921 2291 1034 2329 Curle
1205 2296 1280 2332 Tri.
1443 2295 1580 2343 Bawgh

401 2346 604 2384 Glascocke
683 2348 792 2386 Clare
923 2351 1041 2389 Perne
1443 2354 1617 2391 Michaell
1627 2312 1641 2403 i
1723 2327 1802 2366 Pet·

403 2406 536 2443 Boium
683 2407 770 2445 cnr.
921 2411 1036 2459 'rrym
1049 2359 1064 2447 i
1207 2384 1284 2422 ¹³⁰²·
1441 2414 1577 2451 Clarke

401 2464 569 2502 witham
682 2466 769 2505 cnr.
921 2468 1059 2506 Sutton
1205 2471 1292 2519 1³03.
1439 2422 1623 2522 emythei
1727 2445 1813 2493 Reg'

401 2522 536 2560 Clarke
685 2524 773 2564 Καὶ.
918 2528 1034 2576 Aylet
1203 2530 1296 2567 «Iesu
1441 2532 1562 2570 Lucas
1722 2533 1798 2571 Tri.

403 2582 437 2619 N
441 2582 579 2620 ioolson
685 2584 812 2633 Regin.
920 2587 1159 2636 Mountagew
1207 2590 1292 2638 Rog.
1440 2591 1642 2640 Sibthorpe
1777 2622 1783 2630 .

404 2640 567 2688 Malos-yn
684 2642 758 2679 Tri.
921 2646 1124 2684 Barnewell
1201 2649 1301 2697 Regi.
1441 2651 1576 2688 Warde
1657 2601 1681 2697 }
1721 2622 1796 2659 Tn‘

404 2698 589 2736 Beokman
688 2701 773 2738 Kat.
924 2704 1044 2743 Wooll
1202 2708 1226 2744 J
1228 2720 1278 2745 es.
1442 2710 1603 2747 Forman
1722 2710 1744 2746 J
1749 2721 1780 2746 ο.

401 2758 563 2805 Sponsor
684 2760 759 2797 δυο.
922 2763 1054 2802 Butler
1202 2767 1301 2816 Regi,
1442 2770 1599 2807 Peerson
1722 2769 1797 2806 JeS.

403 2815 491 2853 Rolt
681 2820 724 2856 G.
743 2820 774 2857 δι
791 2821 830 2857 C.
919 2822 1049 2861 Mihell
1439 2829 1587 2866 Wattes
1722 2829 1745 2866 J
1748 2840 1798 2866 es.

403 2874 529 2922 Dodge
686 2878 785 2925 Regi.
918 2881 1092 2921 Oawston
1104 2834 1120 2921 i
1203 2857 1290 2895 Ben‘
1439 2887 1461 2923 J
1464 2888 1591 2925 aekler
1724 2888 1824 2935 Regi.

401 2933 636 2982 suphenuon
688 2937 763 2974 Pet.
924 2941 1005 2980 Dod
1205 2946 1281 2984 Jes.
1446 2947 1590 2995 Hei-ing
1729 2946 1814 2984 Chr.
