2008 3294
351 197 439 240 400
949 209 1101 240 GRAcn:
1133 210 1257 240 BOOK
1289 209 1318 240 Δ
1685 199 1911 255 [1585-86

353 310 561 359 Brampton
637 310 764 348 Pemb.
872 309 982 346 Weld
1157 310 1266 358 Corp.
1276 310 1361 346 Chr.
1392 310 1550 346 Walden
1673 311 1697 349 J
1699 323 1730 347 ο.

351 369 443 405 Hau
631 370 656 406 J
658 382 690 406 o.
873 369 1011 405 Menke
1156 370 1233 406 Pet.
1393 369 1545 406 Hookes
1673 358 1758 436 Γ

350 428 456 476 Edye
621 415 698 427 &X
872 427 1051 464 Stanhaw
1392 428 1497 464 Field
1554 378 1570 468 i
1700 412 1767 437 esu

351 438 532 531 Nanton}
635 459 711 496 ΤΠ
872 486 1001 522 Moore
1062 437 1078 526 i
1147 457 1229 494 oor'
1242 456 1328 495 ΟΜ·
1391 486 1542 523 Calvert
1674 488 1804 524 Kater.

352 546 536 582 Hal-rison
634 547 713 583 Pet.
870 543 1094 580 columbine
1152 544 1228 581 Tri.
1390 544 1415 580 J
1418 545 1526 581 inkes
1676 546 1777 581 Petri

350 605 506 641 Aldrich
633 604 759 642 Pemb.
869 603 893 639 J
894 614 1007 639 aeson
1388 605 1583 652 Mannyng
1673 605 1781 642 Clare

351 661 543 710 Goodwyn
632 662 708 699 Tri.
868 661 1052 698 Attersall
1061 613 1076 703 i
1151 633 1250 669 Petr‘
1386 664 1410 700 J
1413 675 1479 700 eve
1671 664 1779 701 Clare
1796 665 1842 714 [2]

353 722 516 758 Kendall
635 722 718 771 J-Q—
871 720 1062 757 Thomson
1155 751 1186 786 Τ
1209 750 1217 758 .
1390 723 1554 759 Wrench
1674 724 1749 760 Tri.

350 781 495 817 Adams
689 810 696 817 .
872 779 1006 816 Mason
1074 727 1090 820 i
1187 762 1230 786 η
1390 782 1592 830 Atkynson
1672 783 1696 819 J
1698 795 1731 820 o.

350 841 472 876 Peake
506 789 520 882 ξ
634 810 709 846 Tn‘
869 839 983 876 Cotes
1155 839 1263 876 Clare
1390 840 1498 877 West
1673 829 1798 877 Pffib.

351 899 456 934 Price
631 897 654 933 J
657 909 687 933 e.
869 897 1021 944 Rowley
1155 897 1280 934 Pemb.
1390 899 1484 935 Carr
1673 898 1759 937 Chr.

349 957 499 1005 Wright
629 956 706 993 Cla.
868 956 1070 1004 Strycland
1390 957 1753 1006 Holden[H0u1der]
1767 957 1810 994 G.
1823 957 1854 995 δι
1863 958 1903 995 C.

349 1017 512 1064 Spencer
630 1016 706 1052 Tri.
868 1016 1023 1052 Browne
1117 968 1137 1111 ἓ
1163 1016 1272 1053 Clare
1389 1016 1482 1052 Carr
1671 1016 1781 1053 Kato.

348 1075 484 1123 Selbye
914 1075 1105 1124 [Broome]
1373 1091 1375 1093 ·
1388 1075 1412 1111 J
1414 1074 1593 1122 enninges
1669 1075 1778 1122 Corp.
1789 1075 1875 1112 Chr.

348 1083 515 1237 Warde}
631 1133 718 1170 Chr.
868 1134 1043 1171 Tubman
1614 1136 1681 1171 165

349 1193 481 1240 Harvy
867 1195 1014 1232 wilson
1054 1140 1070 1231 i
1153 1165 1254 1202 pem·

861 1405 1071 1449 Doctores
1101 1406 1148 1448 in
1180 1405 1397 1449 medicina

347 1531 577 1569 Conceditur
601 1535 644 1569 21
671 1532 695 1568 J
698 1532 846 1568 anuarii
871 1532 1052 1579 magistro
1077 1532 1265 1569 Willelmo
1291 1533 1386 1568 Bate
1410 1534 1453 1568 vt
1477 1531 1648 1568 studium
1674 1534 1694 1570 7
1717 1543 1901 1568 annorum

443 1591 483 1627 in
506 1591 693 1628 medicina
715 1594 920 1638 postquam
941 1591 1080 1627 rexerit
1103 1592 1143 1627 in
1166 1591 1314 1627 artibus
1334 1603 1421 1627 cum
1438 1590 1738 1638 oppositionibus
1754 1602 1905 1638 respon-

442 1649 612 1686 sionibus
633 1650 844 1697 ceterisque
866 1651 1055 1687 exercitiis
1079 1663 1146 1698 per
1167 1653 1316 1687 statuta
1340 1651 1443 1698 regia
1466 1651 1660 1698 requisitis
1685 1651 1848 1687 sufficiat
1869 1651 1903 1687 ei

442 1709 491 1746 ad
513 1708 770 1757 incipiendum
790 1710 830 1746 in
850 1710 980 1747 eadem
997 1710 1178 1747 facultate
1226 1710 1367 1747 Eadem
1385 1710 1507 1758 gratia
1523 1709 1741 1747 conceditur
1757 1713 1779 1747 3
1795 1710 1819 1746 J
1823 1710 1903 1746 unii

443 1768 623 1816 magistro
641 1768 733 1806 Rad.
754 1768 890 1805 Hilton

834 1982 953 2027 Ordo
982 1982 1251 2026 senioritatis
1281 1998 1419 2041 mary.

1018 2107 1076 2144 Μ’
1091 2107 1228 2145 Hilton

1018 2167 1075 2204 Μ*
1091 2167 1186 2205 Bate

793 2377 1102 2422 Bacchalaurei
1134 2377 1180 2421 in
1204 2377 1306 2435 jure
1337 2378 1455 2422 civili

342 2503 571 2542 Conceditur
588 2505 609 2542 7
625 2503 648 2541 J
654 2503 718 2540 ulii
741 2506 831 2540 1⁶86
848 2503 1002 2540 domino
1019 2502 1196 2541 Christos.
1211 2503 1335 2541 Vsher
1351 2504 1390 2540 in
1407 2503 1553 2542 artibus
1570 2504 1836 2542 baoohalaureo
1853 2508 1895 2543 vt

437 2563 608 2600 studium
626 2566 648 2600 4
664 2574 849 2599 annorum
870 2562 909 2599 in
931 2563 1009 2599 iure
1032 2562 1133 2599 civili
1156 2574 1242 2599 cum
1266 2562 1569 2610 opposiciouibus
1591 2564 1895 2612 responsionibus

437 2622 646 2670 ceterisque
678 2621 865 2658 exercitiis
898 2632 965 2668 per
996 2623 1143 2658 statuta
1172 2624 1232 2658 eto
1263 2621 1427 2658 sufficiat.
1459 2622 1493 2658 ei
1525 2621 1573 2659 ad
1606 2622 1824 2661 intrandum
1854 2624 1893 2661 in

437 2680 566 2719 eodem
597 2681 676 2717 iure
737 2679 966 2717 Conceditur
993 2679 1123 2717 eodem
1153 2680 1318 2717 Samueli
1344 2680 1494 2717 Jeames
1519 2683 1560 2717 vt
1585 2681 1756 2719 studium
1782 2684 1805 2719 6
1829 2694 1893 2720 an-

437 2751 571 2777 norum
590 2739 628 2776 in
646 2740 726 2776 iure
742 2738 842 2776 civili
860 2750 946 2775 cum
964 2738 1268 2787 opposicionibus
1284 2741 1343 2776 etc
1365 2739 1527 2776 sufficiat
1545 2739 1579 2776 ei
1604 2739 1651 2777 ad
1674 2740 1892 2778 intrandum

437 2799 475 2835 in
492 2797 622 2835 eodem
640 2798 719 2835 iure
736 2798 790 2834 sic
809 2800 851 2834 vt
868 2800 993 2834 vestra
1013 2797 1166 2835 lieentia
1186 2797 1410 2846 respondeat
1429 2798 1467 2835 in
1485 2797 1619 2835 habitu
1636 2798 1892 2837 baoohalaumi

435 2859 481 2895 26
500 2856 724 2894 Novembris
736 2856 866 2894 eadem
879 2856 1001 2904 gratia
1013 2856 1232 2894 conceditur
1251 2856 1414 2894 Roberto
1430 2856 1654 2905 Stayninges
1667 2869 1751 2894 cum
1766 2858 1892 2895 studio

435 2920 457 2953 o
473 2927 658 2954 annorum
