2002 3236
169 815 309 853 fll6a

322 191 378 233 36
907 199 1060 231 muca:
1090 200 1214 231 BOOK
1245 199 1275 231 Δ
1649 188 1869 244 [1545-46

417 305 536 341 altero
561 305 610 340 ad
634 316 783 340 crucem
811 304 917 340 Pauli
945 307 985 340 et
1008 316 1094 340 cum
1119 316 1195 341 vna
1218 304 1457 351 responsione
1481 302 1650 350 proximo
1677 313 1777 338 anno
1801 300 1871 336 sub

418 375 516 410 pena
540 363 727 399 cautionis
754 363 805 398 xl·
830 362 1047 410 deponendo
1078 363 1119 399 in
1147 362 1322 399 manibus
1353 364 1636 410 procuratorum
1667 363 1872 407 antequam

422 421 649 458 admittatur
660 421 822 457 sufficiat
837 421 871 457 ei
887 421 936 457 ad
952 421 1172 457 intrandum
1188 421 1228 457 in
1243 420 1359 457 libros
1373 420 1647 457 sententiarum
1702 419 1757 455 sic
1771 416 1873 465 quod

423 480 651 516 admittatur
674 479 769 516 citra
792 478 988 515 commicia
1015 479 1185 526 proxima
1209 482 1290 516 tam
1314 479 1363 515 ad
1387 478 1650 527 opponendum
1673 489 1789 525 quam
1817 477 1872 512 in-

422 537 600 575 trandum

536 803 894 860 Dispensationes
923 804 1330 846 bacchalaureorum
1361 804 1404 846 in
1438 805 1658 860 theologia

328 918 374 954 Iu
412 917 547 965 primis
577 916 819 964 dispensatur
849 928 936 952 cum
975 917 1214 964 responsione
1245 917 1454 964 theologica
1485 918 1534 954 ad
1571 930 1685 965 quam
1724 920 1876 953 tenetur

421 977 600 1023 magister
612 975 771 1012 Walhed
787 976 934 1012 ratione
950 976 1088 1023 gradus
1105 975 1435 1013 bacchalaureatus
1448 977 1486 1012 in
1504 977 1690 1023 theologia
1705 976 1758 1012 sic
1774 975 1875 1023 quod

421 1036 545 1071 soluat
569 1035 808 1071 vniuersitati
833 1035 916 1082 xxvj
929 1047 948 1071 s
973 1035 1036 1082 viij
1049 1035 1074 1071 d

327 1096 427 1131 Item
455 1094 696 1142 dispensatur
723 1106 809 1130 cum
839 1094 1019 1141 magistro
1047 1095 1197 1142 Rayner
1223 1107 1291 1142 pro
1320 1095 1558 1142 responsione
1587 1107 1656 1132 sua
1682 1095 1731 1131 ad
1759 1106 1873 1142 quam

422 1156 574 1190 tenetur
588 1154 737 1190 racione
761 1154 898 1201 gradus
920 1153 1250 1190 bacchalaureatus
1266 1155 1304 1190 in
1322 1154 1508 1202 theologia
1555 1155 1617 1191 Sic
1633 1154 1733 1202 quod
1752 1154 1877 1191 soluat

421 1215 659 1251 vniuersitati
677 1214 761 1262 xxvj
774 1226 793 1251 s
810 1214 873 1262 viij
886 1215 911 1251 d
933 1215 1112 1262 quoniam
1134 1218 1215 1251 tam
1233 1215 1451 1262 vrgentibus
1473 1215 1615 1252 domini
1637 1215 1697 1251 sui
1713 1214 1876 1261 negociis

421 1274 613 1311 detinetur
636 1276 679 1310 vt
703 1273 896 1310 commode
920 1274 1050 1311 adesse
1074 1286 1150 1310 non
1175 1278 1301 1322 potest
1324 1277 1368 1311 vt
1392 1275 1496 1311 illam
1525 1278 1614 1311 ante
1641 1278 1792 1322 tempus
1819 1273 1874 1310 illi

421 1334 669 1382 prescriptum
694 1334 863 1381 perficiat

329 1395 425 1431 Item
455 1393 673 1430 conceditur
697 1394 878 1440 magistro
908 1394 1124 1441 Parkynson
1155 1397 1198 1430 vt
1226 1395 1417 1442 responsio
1445 1394 1652 1441 theologica
1679 1394 1727 1431 ad
1759 1405 1874 1441 quam

421 1456 573 1489 tenetur
598 1452 668 1488 hoc
694 1464 794 1488 anno
822 1452 1018 1489 differatur
1043 1453 1082 1489 in
1111 1454 1323 1500 proximum
1351 1465 1494 1490 anmun
1526 1453 1704 1501 quoniam
1733 1452 1875 1489 doctori

420 1511 480 1547 cui
503 1523 750 1558 responsurus
771 1515 853 1548 erat
874 1511 1068 1559 disputare
1092 1524 1167 1548 non
1184 1512 1375 1549 vacauerit
1396 1515 1435 1548 et
1457 1512 1573 1548 alium
1596 1515 1685 1548 ante
1706 1512 1876 1559 proxima

421 1570 618 1606 commicia
649 1582 864 1618 comparare
898 1583 971 1607 non
1005 1575 1131 1618 potest
1204 1572 1263 1608 Ita
1296 1576 1423 1608 tamen
1459 1575 1499 1608 vt
1531 1571 1755 1618 respondeat
1786 1573 1876 1607 ante

421 1630 560 1666 festum
587 1629 724 1666 natalis
748 1630 890 1667 Christi
917 1631 988 1666 sub
1013 1643 1109 1678 pena
1134 1630 1342 1667 amittende
1366 1630 1552 1667 cautionis
1577 1642 1642 1666 sue

330 1689 428 1725 Item
446 1689 663 1725 conceditur
676 1694 718 1725 vt
731 1690 923 1737 responsio
935 1690 1143 1737 theologica
1155 1690 1203 1726 ad
1216 1702 1330 1738 quam
1345 1693 1496 1726 tenetur
1509 1690 1685 1737 magister
1698 1688 1874 1727 Cumber-

420 1748 543 1784 foi-the
560 1749 707 1785 racione
722 1749 859 1795 gradus
875 1749 1209 1786 bacchalaureatus
1226 1750 1265 1785 in
1286 1749 1472 1796 theologia
1494 1749 1659 1796 suscepti
1681 1748 1877 1785 differatur

422 1808 484 1844 Sic
516 1807 618 1854 qnod
648 1808 862 1855 perficiatur
887 1809 983 1845 citra
1016 1809 1212 1845 commicia
1240 1809 1409 1856 proxima
1441 1807 1513 1845 sub
1542 1820 1637 1855 pena
1668 1807 1877 1845 amittende

421 1867 608 1903 cautionis
631 1878 699 1903 sue

898 2060 1061 2103 Doctor
1091 2060 1308 2118 theologie

332 2173 429 2210 Item
452 2173 669 2210 conceditur
691 2178 734 2210 vt
757 2174 927 2211 studium
951 2175 1066 2211 trium
1089 2186 1273 2211 annorum
1298 2176 1336 2212 in
1359 2176 1546 2224 theologia
1567 2182 1654 2225 post
1679 2177 1876 2215 introitum

424 2232 462 2269 in
493 2232 607 2269 libros
638 2234 911 2271 sententiarum
939 2246 1026 2271 cum
1059 2234 1206 2271 duabus
1234 2235 1474 2273 concionibus
1505 2237 1624 2273 altera
1655 2237 1703 2274 wd
1736 2237 1875 2274 clerum

423 2291 542 2327 altera
563 2290 611 2328 ad
631 2303 778 2328 crucem
805 2292 910 2329 Pauli
927 2293 1088 2329 sufficiat
1111 2294 1289 2341 magistro
1313 2294 1477 2331 Madewc
1494 2295 1792 2333 vicecancellario
1808 2308 1876 2344 pro

424 2351 611 2399 completa
636 2352 757 2388 forma
784 2356 823 2389 et
844 2352 962 2399 gradu
989 2353 1027 2389 in
1053 2352 1182 2390 eadem
1242 2354 1303 2390 Ita
1328 2358 1370 2391 vt
1393 2359 1567 2403 suscepto
1591 2355 1800 2392 iuramento
1825 2357 1876 2393 sit

423 2410 513 2443 actu
540 2406 672 2444 doctor
698 2408 855 2445 statutis
882 2413 949 2445 aut
977 2409 1312 2447 consuetudinibus
1344 2410 1560 2447 achademie
1591 2410 1877 2460 quibuscunque

424 2478 499 2503 non
523 2465 764 2505 obstantibus

859 2660 1021 2705 Doctor
1052 2662 1097 2705 in
1130 2662 1347 2707 medicina

334 2776 429 2813 Item
447 2776 663 2813 conceditur
682 2776 901 2814 muham-o
917 2778 1086 2826 Guercye
1103 2778 1182 2815 viro
1199 2790 1332 2826 magna
1348 2778 1490 2815 medice
1505 2782 1544 2815 et
1560 2778 1765 2827 chirurgice
1781 2782 1875 2818 artis

425 2835 638 2882 cogniciono
659 2847 703 2872 ac
727 2836 891 2884 practica
906 2836 1109 2873 admodum
1131 2836 1288 2874 illustris
1303 2840 1418 2885 atque
1441 2837 1479 2874 in
1503 2836 1696 2875 medicinis
1720 2838 1873 2876 baccha-

427 2894 574 2931 laureus
613 2899 653 2931 et
685 2899 773 2932 unte
805 2894 965 2933 sedecim
998 2907 1117 2933 annos
1150 2907 1216 2944 per
1246 2895 1439 2945 publicum
1472 2895 1585 2936 buius
1618 2897 1875 2935 vuiuersitatis
