2008 3294
362 190 449 234 426
958 202 1110 237 emon
1141 203 1265 236 Boon
1296 205 1326 236 Δ
1687 192 1909 251 [1587-88

818 498 1128 542 Bacchalaurei
1158 499 1206 542 in
1237 499 1459 558 theologia
1534 486 1538 488 ’

362 625 589 662 Conceditur
614 628 659 661 13
682 625 856 663 Octobris
880 626 1060 673 magistro
1085 625 1261 662 Eleasaro
1287 626 1398 662 Knox
1421 629 1464 662 vt
1488 626 1659 664 studium
1685 629 1705 665 7
1728 640 1912 665 annorum

457 684 496 720 in
518 684 704 730 theologia
725 687 927 731 postquam
950 684 1088 720 rexerit
1110 684 1150 720 in
1172 683 1318 720 artibus
1338 696 1424 720 cum
1445 684 1747 732 opposicionibus
1762 697 1913 734 respon-

458 742 627 779 sionibus
654 742 890 778 sermonibus
918 742 1076 789 aliisque
1104 743 1293 779 exercitiis
1324 754 1391 790 per
1418 746 1565 780 statuta
1593 744 1693 790 regia
1720 745 1914 792 requisitis

455 802 617 838 sufficiat
640 801 674 837 ei
699 805 779 837 tam
804 801 851 837 ad
877 801 1142 848 opponendum
1164 813 1280 848 quam
1304 801 1352 837 ad
1377 801 1597 838 intrandum
1620 803 1660 838 in
1683 815 1788 840 sacra
1810 804 1914 840 theo-

455 860 553 907 logia
610 859 752 895 Eadem
768 860 890 906 gratia
906 859 1124 895 conceditur
1139 862 1186 895 20
1203 859 1376 896 Octobris
1397 860 1587 906 magistris
1610 861 1753 908 Rogero
1777 862 1916 898 Parker

456 924 496 955 et
517 918 682 954 Johanni
707 918 848 954 Barnes
906 920 952 955 29
976 918 1105 954 Martii
1128 919 1309 965 magistro
1331 918 1507 955 Christof.
1526 918 1649 957 Abbis
1706 923 1769 956 22⁰
1785 921 1915 957 Martii

459 979 577 1016 mer.
610 977 799 1013 Atherton
867 980 911 1013 14
939 977 1045 1013 Junii
1080 977 1171 1014 Tho.
1208 978 1391 1014 Han-ison
1424 981 1464 1014 et
1497 979 1589 1015 Tho.
1621 979 1790 1016 Osborne
1822 981 1914 1018 Tho.

459 1037 626 1075 Leonard

871 1298 1080 1341 Doctores
1112 1298 1157 1341 in
1189 1298 1408 1355 theologia

362 1424 589 1461 Conceditur
613 1427 659 1462 29
684 1425 814 1462 Martii
843 1425 1024 1472 magistro
1047 1425 1071 1461 J
1074 1425 1209 1461 eremie
1239 1424 1404 1461 Radcliff
1422 1429 1465 1462 vt
1489 1425 1658 1462 studium
1685 1427 1705 1463 7
1731 1437 1915 1462 annorum

457 1484 495 1520 in
518 1495 624 1520 sacra
645 1483 832 1531 theologia
853 1488 940 1531 post
961 1483 1118 1531 gradum
1142 1483 1475 1521 baechalaureatus
1494 1484 1534 1520 in
1550 1484 1681 1521 eadem
1697 1488 1916 1532 susceptum

456 1556 543 1580 cum
565 1544 869 1592 opposicionibus
890 1543 1195 1591 responsionibus
1218 1543 1454 1580 sermonibus
1473 1544 1631 1591 aliisque
1649 1544 1836 1585 exercitiis
1852 1556 1917 1592 per
1974 1571 1976 1573 -

456 1606 603 1640 statuta
625 1604 725 1651 regia
747 1604 940 1651 requisitis
961 1604 1122 1640 sufficiat
1144 1604 1178 1640 ei
1201 1603 1249 1640 ad
1272 1603 1529 1651 incipiendum
1550 1605 1589 1640 in
1610 1615 1715 1640 sacra
1731 1604 1917 1651 theologia

457 1663 599 1700 Eadem
626 1664 749 1711 gratia
776 1663 993 1701 conceditur
1021 1667 1083 1700 22⁰
1109 1663 1238 1700 Martii
1265 1664 1446 1710 magistro
1475 1663 1577 1701 Edw.
1604 1664 1726 1700 Grant
1749 1664 1815 1710 qui
1842 1675 1915 1699 non

455 1723 666 1770 acceptavit
682 1723 843 1770 gratiam
860 1727 900 1760 et
917 1723 1000 1759 ideo
1016 1735 1063 1759 xx
1074 1735 1092 1759 s
1113 1723 1294 1760 forisfacti
1353 1723 1576 1770 subscripsit
1594 1724 1772 1771 magister
1787 1722 1918 1759 doctor

460 1782 650 1819 Whitacre

538 2066 702 2110 Gratiae
732 2066 823 2110 sive
853 2066 1092 2124 peticiones
1123 2080 1209 2109 non
1241 2071 1553 2110 concernentes
1583 2067 1746 2125 gradus

360 2198 589 2236 Conceditur
623 2201 667 2235 10
695 2197 869 2236 Octobris
900 2201 990 2236 1587
1052 2198 1149 2236 Cum
1180 2202 1367 2238 oratorem
1404 2202 1573 2236 vestrum
1601 2199 1710 2247 plura
1738 2205 1917 2238 maneant

455 2258 607 2306 negocia
638 2257 728 2295 soris
761 2256 1004 2305 transigenda
1036 2269 1151 2304 quam
1184 2269 1259 2305 que
1291 2258 1409 2294 trium
1443 2257 1631 2295 mensium
1663 2259 1787 2306 spatio
1818 2263 1918 2296 recte

454 2317 701 2355 absolvantur
723 2328 791 2354 nec
812 2316 960 2364 longius
982 2320 1110 2354 tamen
1135 2316 1168 2353 ei
1192 2315 1241 2353 ab
1263 2316 1455 2354 academia
1476 2317 1634 2365 singulis
1656 2318 1766 2355 annis
1787 2318 1918 2355 abesse

456 2376 568 2413 liceat
590 2376 661 2412 nisi
681 2375 886 2412 vberiorem
906 2375 1054 2412 veniam
1072 2387 1095 2411 a
1112 2374 1218 2411 vobis
1241 2375 1502 2423 impetraverit
1523 2375 1646 2423 placet
1663 2375 1769 2413 vobis
1786 2379 1828 2413 vt
1850 2388 1917 2424 pro

455 2448 555 2473 anno
584 2436 712 2473 futuro
737 2434 785 2472 ad
815 2435 954 2472 festum
984 2434 1106 2471 sancti
1139 2434 1334 2471 Michaelis
1363 2435 1530 2482 proxime
1555 2435 1747 2483 sequentis
1771 2436 1919 2484 quoties

455 2494 606 2543 negocia
627 2506 697 2531 sua
720 2493 996 2542 postulaverint
1017 2493 1129 2530 liceat
1150 2493 1184 2530 ei
1208 2492 1306 2530 bona
1328 2496 1455 2530 vestra
1476 2505 1562 2530 cum
1584 2494 1692 2531 venia
1713 2493 1842 2531 abesse
1865 2495 1918 2532 sic

455 2557 498 2591 vt
514 2554 661 2591 veniam
683 2553 862 2601 impetret
877 2564 900 2589 a
916 2551 1069 2590 domino
1093 2551 1382 2601 procancellario
1404 2555 1443 2588 et
1467 2551 1641 2589 idoneum
1665 2552 1916 2590 substitutum

454 2626 523 2651 suo
539 2613 620 2651 loco
637 2613 803 2650 iuratum
822 2606 1012 2660 relinquat
1356 2608 1361 2614 ’

169 2677 192 2717 f.
220 2677 294 2716 166
316 2677 341 2715 b
359 2673 587 2711 Conceditur
618 2674 662 2710 10
688 2670 863 2709 Octobris
892 2671 1072 2719 magistro
1104 2670 1280 2708 Michaeli
1312 2669 1460 2707 Rabbet
1488 2682 1591 2708 sacre
1620 2670 1804 2719 theologie
1832 2671 1916 2709 bac-

453 2732 654 2770 chalaured
684 2735 726 2768 vt
761 2731 814 2768 sit
849 2741 945 2768 vnus
977 2742 1021 2768 ex
1054 2729 1251 2768 duodecim
1288 2729 1586 2778 predicatoribus
1619 2730 1689 2767 hoc
1720 2742 1820 2769 anno
1852 2743 1919 2780 per

453 2790 684 2829 academiam
713 2788 934 2827 emittendis
963 2788 1017 2826 sic
1047 2793 1089 2826 vt
1117 2800 1232 2837 super
1264 2787 1334 2825 hac
1362 2789 1601 2827 concessione
1632 2792 1757 2826 vestra
1789 2790 1918 2828 literas

454 2851 591 2889 habent
614 2848 887 2887 testimoniales
907 2847 1092 2896 sigillatas
1107 2847 1230 2895 sigillo
1247 2851 1373 2885 vestro
1389 2848 1582 2884 communi
1631 2847 1773 2886 Eadem
1795 2850 1917 2897 gratia

452 2909 670 2948 conceditur
703 2907 832 2945 eodem
871 2907 1035 2945 Honrioo
1075 2906 1175 2944 Ruso
1241 2909 1286 2946 27
1320 2905 1496 2944 Octobris
1531 2906 1672 2954 Rogero
1707 2907 1846 2946 Parker
1878 2910 1916 2945 in
