2008 3216
361 186 446 227 108
942 195 1095 227 GRACE
1125 195 1248 228 BOOK
1280 196 1310 227 Δ
1682 185 1904 241 [1554-55

192 465 218 503 f,
242 466 292 503 42
314 466 339 504 b
406 454 770 512 Dispensaciones
790 459 836 497 et
856 454 998 511 gratie
1020 454 1138 497 varie
1159 454 1326 496 nullam
1348 454 1530 497 formam
1551 459 1860 497 concernentes

135 2234 175 2268 17
190 2232 277 2266 sulii

133 2279 256 2319 (marai
260 2276 293 2320 n)

357 577 404 613 In
430 578 565 625 primis
590 578 831 625 dispensatur
856 589 943 614 cum
972 578 1126 614 domino
1152 578 1304 614 doctore
1334 578 1526 614 Shaxtono
1552 582 1595 615 vt
1620 578 1768 614 racione
1794 577 1909 614 etatis

450 648 518 672 sue
546 637 667 683 possit
694 636 825 672 abesse
850 635 900 672 ab
925 636 1100 672 omnibus
1128 636 1428 684 processionibus
1454 636 1690 684 generalibus
1715 635 1910 672 funeribus

449 694 799 741 congregationibus
831 698 870 731 et
904 694 989 731 aliis
1022 695 1271 732 conventibus
1307 708 1352 732 ex
1388 699 1535 733 statuto
1571 697 1645 733 nisi
1678 700 1832 733 vocetur
1863 708 1908 732 ex

449 766 602 790 nomme

355 813 455 850 Item
484 813 703 850 conceditur
725 817 769 849 vt
794 813 925 850 doctor
949 813 1049 861 Glyn
1078 814 1390 861 procancellarius
1413 818 1538 852 vester
1561 815 1613 851 sit
1635 826 1734 852 vnus
1758 826 1803 850 ex
1826 826 1908 862 pre-

448 871 680 909 dicatoribus
703 872 774 908 hoc
798 884 898 908 anno

353 931 496 968 Eadem
536 931 658 978 gratia
693 930 741 967 de
777 931 891 967 verbo
927 931 967 967 in
1004 931 1162 967 verbum
1198 931 1417 968 conceditur
1451 932 1669 969 doctoribus
1705 932 1836 978 Yonge
1869 933 1909 967 et

448 990 662 1038 Segiswyke
685 1002 730 1026 ac
754 990 946 1037 magistris
971 990 1111 1026 Pachet
1136 991 1263 1027 Bovell

354 1048 454 1085 Item
483 1048 702 1085 conceditur
729 1052 771 1084 vt
800 1049 984 1096 posterior
1013 1048 1223 1096 disputatio
1251 1049 1396 1086 domini
1429 1050 1649 1098 Segeswyke
1673 1049 1724 1086 sit
1748 1049 1803 1086 illi
1827 1049 1908 1085 loco

446 1108 772 1144 determinationis
796 1119 864 1144 sue
888 1108 958 1144 hoc
983 1120 1083 1145 anno
1106 1108 1234 1146 debite

354 1167 453 1204 Item
475 1167 695 1204 conceditur
716 1171 760 1203 vt
781 1168 911 1203 concio
935 1167 983 1204 ad
1006 1168 1147 1204 clerum
1172 1169 1220 1205 ad
1243 1180 1358 1216 quam
1383 1171 1536 1205 tenetur
1559 1168 1735 1205 dominus
1760 1168 1908 1204 Fawcet

447 1227 516 1263 hoc
548 1239 648 1263 anno
680 1227 822 1263 differri
854 1227 976 1274 possit
1008 1227 1062 1263 sic
1094 1227 1196 1274 quod
1229 1228 1296 1264 fiat
1329 1228 1390 1264 die
1422 1229 1592 1265 cinerum
1624 1228 1794 1276 proximo
1827 1228 1908 1264 sine

446 1285 621 1322 vlteriore
645 1285 827 1321 dilacione

354 1345 451 1381 Item
481 1344 698 1381 conceditur
721 1348 764 1381 vt
792 1345 1001 1392 disputatio
1027 1346 1067 1382 in
1093 1346 1240 1382 artibus
1266 1346 1436 1382 facienda
1464 1347 1525 1383 die
1548 1346 1708 1383 Veneris
1736 1346 1906 1394 proximo

446 1408 631 1451 tanquam
663 1404 765 1440 facta
797 1406 997 1440 censeatur
1024 1404 1148 1451 quoad
1182 1405 1407 1452 magistrum
1437 1405 1721 1452 disputaturum
1754 1408 1907 1442 tantum

445 1464 506 1500 Sic
532 1464 633 1512 quod
660 1464 870 1500 satisfaciat
890 1463 1047 1500 bedellis
1074 1465 1253 1511 quoniam
1283 1468 1438 1512 propter
1462 1465 1687 1513 sollempnes
1713 1477 1840 1513 preces
1866 1465 1907 1501 in

444 1524 600 1560 ecclesia
628 1524 749 1560 sancti
785 1523 904 1559 Mario
933 1523 1175 1561 celebrandas
1203 1524 1412 1572 disputatio
1445 1525 1638 1562 commode
1670 1524 1799 1561 haberi
1831 1536 1906 1561 non

444 1586 571 1630 potest

351 1642 450 1678 Item
472 1642 689 1679 conceditur
705 1645 748 1678 vt
769 1641 940 1678 doctores
963 1642 1002 1678 in
1022 1642 1209 1690 theologia
1226 1643 1374 1689 possint
1391 1643 1585 1691 disputare
1602 1643 1737 1691 quouis
1753 1643 1814 1680 die
1831 1655 1906 1679 non

443 1700 665 1749 disputabili
683 1713 759 1737 non
777 1700 955 1738 obstante
971 1704 1119 1738 statuto

351 1761 451 1798 Item
473 1760 692 1797 conceditur
713 1764 756 1797 vt
772 1760 853 1797 dies
871 1761 976 1797 Lune
993 1764 1032 1797 et
1050 1761 1187 1797 Martis
1210 1761 1249 1797 in
1272 1762 1507 1809 carneprivio
1530 1762 1609 1798 sint
1630 1761 1711 1799 dies
1733 1774 1808 1798 non
1831 1762 1905 1799 dis-

444 1819 634 1868 putabiles
650 1831 724 1856 non
742 1819 920 1856 obstante
936 1823 1084 1856 statuto

352 1880 450 1917 Item
473 1879 692 1917 conceditur
711 1883 754 1916 vt
776 1882 925 1916 statuta
947 1879 1032 1916 aule
1055 1878 1163 1915 Clare
1187 1879 1334 1926 possint
1356 1879 1470 1916 eximi
1493 1892 1514 1916 e
1536 1880 1631 1916 cista
1655 1880 1845 1916 communi
1868 1882 1907 1916 et

444 1939 594 1975 restitui
617 1939 713 1976 citra
735 1939 877 1975 festum
900 1938 1039 1975 natalis
1065 1938 1217 1974 Domini
1235 1938 1396 1985 proximi
1446 1938 1656 1986 (Restituta
1671 1942 1762 1975 sunt
1779 1950 1907 1976 mense

446 1997 675 2035 Novembris
701 1999 808 2044 1555)

352 2058 450 2095 Item
478 2058 510 2094 it
534 2058 567 2094 is
590 2058 782 2105 grawnted
810 2059 849 2106 yt
873 2069 944 2094 one
969 2069 1057 2105 may
1082 2057 1128 2094 be
1152 2060 1237 2094 sent
1263 2061 1302 2093 to
1327 2069 1391 2105 my
1415 2058 1439 2094 l.
1466 2057 1672 2094 chunoelor
1696 2061 1736 2094 to
1761 2057 1906 2094 declare

447 2118 627 2165 Munsyes
651 2116 820 2154 disorder
842 2117 875 2153 if
896 2117 928 2153 it
949 2116 1080 2153 shalbe
1103 2116 1274 2163 thowght
1298 2128 1340 2153 so
1357 2116 1556 2164 expedient
1573 2121 1612 2153 to
1629 2117 1695 2154 the
1711 2117 1904 2153 vicechan-

444 2177 538 2214 celo?
554 2177 585 2214 &
601 2177 667 2213 the
683 2176 820 2213 heades
837 2177 879 2214 of
892 2176 1034 2213 bowses
1050 2176 1081 2214 ἀ
1097 2176 1213 2213 suche
1229 2188 1252 2213 a
1269 2188 1339 2213 one
1355 2189 1398 2213 as
1415 2177 1494 2213 thei
1511 2177 1607 2214 shall
1624 2177 1759 2214 thinke
1776 2180 1875 2214 mete

352 2238 450 2275 Item
467 2238 499 2274 it
514 2238 548 2274 is
563 2237 745 2284 graunted
762 2238 801 2286 y*
816 2237 882 2274 the
899 2249 1010 2285 purse
1028 2237 1072 2273 w‘
1087 2244 1127 2285 γ’
1143 2237 1242 2274 scale
1258 2238 1300 2274 of
1318 2238 1435 2285 offyce
1451 2238 1482 2274 &
1499 2238 1590 2286 kyes
1613 2239 1655 2274 of
1675 2245 1715 2286 y⁰
1732 2250 1905 2275 common

446 2297 586 2333 hutche
602 2308 689 2345 may
707 2296 753 2333 be
769 2296 892 2334 sealed
910 2298 957 2333 w‘
972 2303 1013 2345 γ’
1029 2297 1147 2333 scales
1163 2297 1205 2333 of
1225 2296 1280 2333 Μ’
1298 2296 1409 2345 Edyll
1427 2297 1458 2334 δι
1478 2297 1533 2334 M‘
1550 2298 1684 2346 Barley

354 2356 452 2393 Item
468 2355 686 2392 conceditur
700 2355 844 2392 doctori
862 2355 952 2392 Scot
969 2359 1011 2392 vt
1027 2356 1147 2404 possit
1162 2355 1335 2403 supplere
1353 2356 1453 2393 vices
1469 2356 1611 2393 domini
1630 2357 1907 2404 procancellarii

448 2416 522 2452 iam
539 2414 708 2452 absentis
725 2415 763 2452 in
782 2414 954 2463 partibus
972 2414 1236 2451 transmarinis

356 2475 452 2512 item
477 2473 694 2511 conceditur
717 2473 870 2510 domino
894 2474 1112 2522 Segeswyke
1136 2478 1178 2511 vt
1203 2474 1323 2521 possit
1345 2473 1519 2521 supplere
1536 2474 1636 2511 vices
1657 2474 1799 2512 domini
1824 2487 1906 2523 pro-

448 2533 656 2571 caneellarii
676 2545 791 2581 vsque
809 2532 899 2570 dum
918 2533 1070 2571 redierit
1085 2532 1217 2570 doctor
1233 2533 1340 2570 Seott

357 2593 452 2630 Item
476 2592 695 2630 conceditur
711 2597 752 2630 vt
774 2592 984 2640 disputatio
1007 2597 1046 2629 et
1067 2592 1333 2629 determinatio
1356 2592 1562 2640 theologica
1580 2592 1627 2630 ad
1645 2604 1740 2640 quas
1756 2596 1908 2632 tenetur

449 2652 624 2689 dominus
642 2652 796 2690 Watson
822 2652 961 2689 differri
986 2652 1132 2700 possint
1155 2653 1192 2689 in
1217 2652 1427 2700 proximum
1450 2663 1591 2689 annum
1614 2652 1668 2689 sio
1690 2653 1789 2701 quod
1814 2654 1908 2691 fiant

448 2712 544 2749 citra
573 2712 711 2749 festum
750 2712 888 2748 Pasche
918 2712 1129 2760 proximum
1189 2711 1329 2748 Doctor
1359 2710 1545 2759 Langdale
1574 2711 1793 2759 impetrauit
1820 2724 1905 2749 con·

448 2771 611 2808 similem
