2002 3236
276 162 330 203 12
855 174 1006 206 emon
1037 174 1162 206 Boon
1192 174 1222 206 Δ
1596 161 1819 219 [1543-44

367 287 455 311 cum
492 276 626 312 ceteris
661 276 774 313 huius
811 277 902 313 anni
940 276 1296 314 determinatoribus
1327 277 1383 313 ita
1414 276 1515 323 quod
1547 276 1628 313 eius
1659 274 1821 312 eruditio

370 335 607 370 examinetur
622 338 661 370 et
677 334 906 382 approbetur
921 347 988 382 per
1002 335 1235 382 oppositores
1247 335 1361 371 huius
1373 336 1463 371 anni
1480 338 1519 372 et
1535 338 1612 371 stet
1627 335 1666 370 in
1683 332 1821 370 scholis

370 403 457 427 cum
473 393 606 428 ceteris
622 392 899 429 bacchalaureis
914 393 961 429 ad
978 393 1161 440 placitum
1177 397 1459 440 procuratorum

276 450 374 485 Item
391 450 608 486 conceditur
623 451 761 487 Joanni
778 451 893 498 Wyer
909 456 951 487 vt
971 454 1011 487 ll
1034 452 1186 487 termini
1203 464 1290 488 cum
1306 464 1349 488 eo
1366 453 1406 488 in
1423 464 1498 499 quo
1520 454 1580 488 est
1595 451 1820 488 determina-

371 515 481 545 turus
496 510 536 545 in
556 509 694 556 quibus
715 510 893 546 lectiones
916 510 1123 546 ordinarias
1144 510 1292 546 audiuit
1319 523 1387 557 per
1409 511 1588 547 maiorem
1614 514 1761 557 partem
1781 509 1821 544 in

370 571 452 603 toto
467 580 553 603 cum
570 567 870 614 oppositionibus
891 573 931 604 et
947 568 1251 615 responsionibus
1267 569 1458 616 requisitis
1477 569 1665 605 sufficiant
1681 567 1753 604 sibi
1773 566 1820 603 ad

370 626 668 672 respondendum
686 626 874 673 questioni

276 684 375 720 Item
392 685 610 721 conceditur
625 685 768 721 Thome
786 685 918 721 Butler
934 689 976 722 vt
995 689 1036 722 11
1056 687 1210 722 termini
1223 687 1262 722 in
1276 686 1414 733 quibus
1426 687 1604 722 lectiones
1616 684 1823 722 ordinarias

368 743 518 779 audiuit
540 744 630 780 licet
651 756 726 780 non
749 744 903 779 omnino
928 744 1134 780 secundum
1159 745 1319 781 formam
1343 746 1479 782 statuti
1502 757 1578 781 vna
1599 756 1686 781 cum
1708 755 1821 790 oppo-

369 802 570 838 sitionibus
593 806 633 838 et
655 802 962 849 responsionibus
982 803 1175 849 requisitis
1191 803 1380 839 sufficiant
1401 804 1434 840 ei
1456 803 1504 840 ad
1523 802 1823 851 respondendum

369 862 557 908 questioni
583 862 638 897 ita
662 862 763 908 quod
787 862 869 897 eius
892 861 1072 897 admissio
1096 864 1174 898 stet
1197 874 1265 910 pro
1287 863 1483 910 completis
1502 863 1620 910 gradu
1643 865 1682 898 et
1704 862 1824 897 forma

368 920 699 956 bacchalaureatus
716 921 756 956 in
773 920 921 956 artibus
943 920 1054 956 modo
1077 921 1158 956 eius
1182 920 1345 957 eruditio
1361 924 1400 958 et
1422 932 1544 957 mores
1564 920 1669 968 prius
1685 919 1822 955 exami-

368 982 508 1015 nentur
532 983 572 1015 et
598 978 856 1026 approbentur
883 990 951 1025 per
976 979 1174 1025 magistros
1203 980 1321 1015 Peme
1348 982 1387 1016 et
1416 980 1620 1027 Dawlynge
1644 978 1822 1025 quoniam

368 1037 577 1083 proximam
593 1035 946 1072 determinationem
962 1036 1044 1071 sine
1061 1036 1225 1072 maximo
1244 1048 1313 1072 suo
1335 1036 1572 1073 incommodo
1596 1038 1635 1072 et
1657 1035 1821 1071 sodalitii

368 1094 564 1141 dispendio
580 1094 681 1141 quod
698 1106 765 1141 pro
781 1097 883 1130 certo
901 1106 1000 1129 nunc
1017 1097 1144 1140 sperat
1160 1098 1354 1141 expectare
1370 1106 1444 1130 non
1461 1098 1587 1141 potest

275 1153 374 1189 Item
398 1153 710 1189 determinatores
730 1153 874 1200 collegii
899 1152 1047 1199 Regalis
1072 1153 1143 1188 hoc
1167 1164 1266 1188 anno
1291 1156 1382 1188 sunt
1405 1152 1550 1189 domini
1575 1151 1768 1188 Hanforde
1783 1154 1823 1186 et

371 1212 515 1248 Curren

337 1398 561 1442 Numerus
585 1399 993 1442 baochalaureorum
1028 1399 1074 1441 in
1106 1399 1274 1442 artibus
1308 1399 1433 1442 iuxta
1464 1398 1759 1442 senioritatem

925 1484 1040 1512 anno
1073 1471 1207 1512 15431

488 1573 583 1610 Yale
940 1572 1180 1609 Huddleston
1466 1571 1576 1619 Wyer

489 1632 682 1668 Hanforde
941 1631 1047 1668 Peele
1460 1630 1617 1667 Watson

488 1690 627 1738 Taylor
935 1689 1097 1737 Wryght
1460 1688 1650 1725 Barnarde

487 1750 629 1785 Ourren
936 1748 1125 1796 Percyvell
1463 1747 1618 1784 Racster

488 1808 644 1844 Watson
939 1807 1039 1843 Kelk
1464 1805 1597 1842 Olerke

490 1867 637 1914 Han-ys
939 1867 1130 1903 Tauerner
1467 1865 1626 1901 Hustler

489 1926 665 1963 Metcalfe
939 1925 1143 1962 Godshalfe
1466 1923 1718 1971 Barthylmew

485 1984 662 2032 Townley
939 1982 1071 2020 Ebden
1463 1982 1626 2019 Brookes

487 2044 719 2080 Beamounte
941 2042 1076 2079 Enewe
1461 2041 1592 2078 Butler

491 2101 730 2150 Pylkyngton
944 2100 1075 2138 Raude

148 2307 174 2346 ί.
198 2307 222 2345 5
237 2307 262 2345 b
805 2303 1005 2363 Magistri
1036 2303 1082 2347 in
1111 2302 1280 2346 artibus

284 2409 326 2445 ln
353 2407 485 2456 primia
509 2406 726 2444 conceditur
749 2405 889 2442 Joanni
914 2404 1139 2453 Rawlynson
1165 2407 1207 2441 vt
1231 2415 1365 2440 novem
1392 2402 1543 2440 termini
1570 2406 1656 2451 poet
1680 2402 1828 2439 finalem

373 2468 455 2504 eius
485 2465 839 2503 determinationem
872 2464 912 2501 in
945 2463 1083 2511 quibus
1115 2463 1294 2500 lectiones
1332 2461 1539 2499 ordinarias
1576 2460 1725 2498 audiuit
1763 2473 1830 2510 per

376 2527 554 2564 maiorem
582 2529 728 2574 partem
754 2525 792 2562 in
819 2527 900 2562 toto
924 2536 1010 2561 cum
1035 2523 1158 2561 tribus
1185 2521 1489 2571 responsionibus
1513 2521 1703 2558 sufficiant
1723 2521 1757 2558 ei
1780 2521 1828 2558 ad

377 2584 630 2635 incipiendum
657 2585 695 2621 in
721 2583 868 2621 artibus

283 2646 423 2684 Eadem
444 2644 566 2693 gratia
588 2643 635 2680 de
657 2642 768 2680 verbo
792 2643 830 2679 in
855 2641 1011 2679 verbum
1036 2640 1254 2679 conceditur
1271 2640 1305 2677 N
1310 2639 1453 2678 icholao
1469 2637 1660 2688 Grynwall
1676 2637 1829 2676 domino

376 2704 512 2741 Stoko·
535 2707 575 2739 et
602 2701 694 2740 Iden

286 2765 382 2801 item
395 2762 613 2800 conceditur
625 2762 777 2798 domino
794 2762 907 2798 Carre
925 2764 967 2798 vt
981 2770 1114 2797 novem
1128 2758 1279 2796 termini
1298 2761 1384 2806 poet
1396 2756 1544 2794 finalem
1561 2756 1641 2794 eius
1656 2755 1831 2793 determi-

316 2879 325 2900 ¹
350 2878 462 2912 'rheu
478 2887 597 2911 nunes·
612 2887 669 2911 ere
685 2877 821 2911 written
838 2885 956 2911 aeman
974 2875 1033 2910 the
1050 2875 1184 2909 bottom
1200 2874 1236 2907 01
1253 2873 1297 2908 eo.
1317 2874 1337 2906 6
1348 2883 1369 2906 a
1384 2882 1423 2906 a·
1439 2871 1539 2905 thone
1554 2880 1599 2904 on
1616 2879 1650 2913 p.
1668 2870 1688 2903 ⁴
1703 2872 1796 2904 ante.
