2008 3216
325 191 410 234 204
923 201 1075 233 omen
1105 201 1230 233 BOOK
1260 201 1291 233 Δ
1652 187 1871 246 [1566-67

324 303 553 341 Conceditur
577 303 640 350 ijdo
666 303 758 340 Maii
785 303 1026 340 ornatissimo
1052 303 1173 350 equiti
1199 307 1332 339 aurato
1357 302 1510 339 domino
1535 303 1600 340 W⁰
1626 303 1784 340 Chester
1808 302 1874 339 vni

419 362 749 399 aldermannorum
766 362 934 398 civitatis
952 361 1211 398 Londonensis
1229 365 1271 397 vt
1283 365 1481 409 cooptetur
1496 362 1536 398 in
1553 362 1722 398 ordinem
1738 361 1873 408 magis-

419 425 566 459 trorum
583 422 623 458 in
639 422 788 458 artibus
804 422 860 458 ita
877 426 1005 458 tamen
1024 425 1066 458 vt
1083 433 1158 457 non
1175 424 1344 458 arctetur
1364 421 1413 457 ad
1436 421 1604 468 aliquam
1625 421 1875 458 ceremoniam

420 485 488 517 aut
504 484 613 516 actus
629 480 872 516 scholasticos
889 480 963 516 nisi
980 492 1077 527 quos
1093 491 1162 515 sua
1178 483 1315 527 sponte
1335 479 1391 515 illi
1415 479 1654 516 commodum
1676 478 1876 515 videbatur

421 540 548 576 subire
571 543 611 575 et
635 540 668 576 si
693 551 760 587 per
786 539 941 586 negocia
969 551 1124 586 presens
1151 539 1192 574 in
1217 539 1330 585 plena
1354 538 1639 585 congregatione
1663 537 1875 585 regentium

421 598 574 634 admitti
597 610 672 634 non
689 598 810 645 possit
827 600 870 634 vt
886 597 1022 633 absens
1038 609 1061 633 a
1077 597 1230 633 domino
1252 597 1542 644 procancellario
1564 599 1633 632 aut
1654 596 1736 632 eius
1759 595 1876 642 depu-

422 660 505 693 tato
526 657 757 693 admittatur
810 656 902 692 data
926 656 999 692 fide
1014 655 1062 692 de
1079 655 1312 692 observando
1329 659 1476 692 statuta
1491 657 1531 691 et
1549 654 1746 702 priuilegia
1762 654 1876 690 huius

422 716 682 752 vniuersitatis
748 716 855 752 Idem
882 718 1124 763 presentatus
1152 727 1219 763 per
1245 716 1438 752 doctorem
1468 714 1663 751 Goodman
1692 714 1876 750 decanum

423 775 867 811 Westmonasteriensem
886 774 1039 820 juratus
1061 785 1129 820 per
1149 773 1341 810 doctorem
1366 774 1518 810 Hutton
1536 773 1720 810 decanum
1737 772 1876 809 Ebora·

423 845 572 869 oensem
590 837 628 869 et
644 832 834 868 admissus
855 844 923 879 per
944 832 1142 868 dominum
1166 832 1274 869 Edm.
1298 833 1516 880 episcopum
1540 832 1816 869 Londinensem
1838 832 1878 868 in

423 892 564 939 palatio
580 891 673 928 dicti
690 891 855 939 episcopi
873 891 912 927 in
931 891 1121 938 presentia
1137 892 1248 927 vuius
1263 891 1494 928 bedellorum

164 1120 193 1160 f.
215 1120 267 1160 89
287 1120 314 1159 b
839 1112 1050 1158 Doctores
1078 1114 1126 1157 in
1157 1114 1372 1158 medicina

330 1234 557 1272 Conceditur
587 1237 632 1271 14
662 1234 790 1270 Martii
821 1234 981 1271 Ricardo
1010 1234 1220 1282 Reynoldes
1246 1237 1289 1270 vt
1317 1234 1486 1270 studium
1515 1237 1600 1271 octo
1627 1246 1812 1271 annorum
1841 1235 1881 1271 in

424 1294 610 1330 medicina
625 1297 827 1341 postquam
844 1294 982 1330 rexerit
998 1294 1037 1330 in
1054 1294 1201 1330 artibus
1217 1306 1303 1330 cum
1320 1292 1619 1341 oppositionibus
1635 1293 1880 1340 responsioni·

424 1353 496 1390 bus
513 1356 551 1389 et
567 1353 652 1389 aliis
668 1353 855 1389 exercitiis
874 1365 938 1400 per
954 1357 1102 1390 statuta
1119 1353 1311 1400 requisitis
1332 1353 1494 1389 sufficiat
1510 1353 1544 1389 ei
1561 1353 1608 1390 ad
1626 1353 1882 1401 incipiendum

426 1413 466 1449 in
483 1412 612 1449 eadem
631 1413 811 1449 facultate

332 1471 475 1508 Eadem
491 1472 613 1519 gratia
629 1471 846 1508 conceditur
864 1474 907 1509 17
925 1471 948 1507 J
951 1471 1097 1508 anuarii
1117 1471 1276 1507 Ricardo
1294 1471 1442 1507 Smithe
1458 1482 1544 1507 cum
1561 1471 1688 1508 studio
1707 1471 1742 1519 vj
1767 1483 1881 1508 anno-

426 1543 511 1567 rum
528 1534 731 1579 postquam
749 1532 887 1568 rexerit
903 1532 943 1567 in
959 1531 1107 1568 artibus
1123 1534 1162 1567 et
1179 1534 1217 1567 2⁰
1235 1530 1429 1567 Februarii
1443 1531 1631 1567 Willelmo
1643 1531 1781 1568 Warde
1796 1543 1882 1568 cum

427 1590 554 1626 studio
571 1594 593 1626 5
609 1602 795 1627 annorum
812 1594 1015 1637 postquam
1036 1590 1174 1626 rexerit
1194 1590 1234 1626 in
1256 1589 1404 1626 artibus
1427 1592 1466 1626 et
1490 1591 1533 1628 17
1557 1590 1701 1638 Aprilis
1724 1590 1884 1627 Ricardo

428 1649 612 1686 Sherman
630 1661 716 1686 cum
733 1649 861 1686 studio
877 1652 900 1686 8
917 1661 1102 1686 annorum
1119 1652 1320 1697 postquam
1338 1650 1476 1686 rexerit
1492 1649 1532 1685 in
1549 1649 1695 1686 sitibus

333 1708 562 1745 Conceditur
580 1710 622 1746 17
640 1709 785 1756 Aprilis
802 1709 981 1756 magistro
1000 1709 1159 1746 Ricardo
1177 1708 1388 1757 Reynoldes
1411 1709 1471 1745 cui
1496 1709 1752 1757 superioribus
1768 1708 1885 1745 hiisce

428 1766 562 1804 diebus
585 1779 608 1803 a
633 1767 739 1804 vobis
767 1779 942 1804 concessa
970 1771 1029 1804 est
1057 1767 1179 1815 gratia
1208 1767 1255 1804 ad
1287 1767 1543 1815 incipiendum
1568 1768 1608 1804 in
1634 1767 1819 1804 medicina
1842 1771 1885 1805 vt

426 1826 566 1863 habeat
588 1827 718 1863 literas
735 1827 1008 1864 testimoniales
1024 1839 1137 1875 super
1153 1827 1284 1864 eadem
1300 1828 1422 1875 gratia
1438 1827 1606 1875 signatas
1621 1827 1743 1876 sigillo
1759 1831 1884 1865 vestro

425 1886 616 1923 communi

333 1945 445 1982 Mem.
469 1945 570 1992 quod
596 1945 721 1982 dictus
747 1946 929 1993 magister
956 1946 1167 1994 Reynoldes
1193 1957 1315 1993 neque
1343 1946 1487 1994 peregit
1515 1949 1625 1983 actus
1649 1958 1738 1983 suos
1764 1958 1885 1995 neque

428 2004 676 2052 inauguratus
692 2008 760 2041 aut
777 2004 965 2041 admissus
982 2005 1047 2042 sed
1065 2018 1151 2042 cum
1169 2006 1289 2042 literis
1305 2006 1496 2053 profectus
1508 2010 1567 2042 est
1584 2006 1813 2043 Moscoviam

334 2063 563 2101 Conceditur
579 2068 618 2101 2⁰
633 2065 656 2101 J
660 2065 726 2101 ulii
745 2065 923 2112 magistro
940 2065 962 2101 J
966 2065 1043 2102 ulio
1067 2065 1292 2113 Borgarucio
1313 2066 1453 2102 artium
1475 2069 1515 2102 et
1537 2065 1720 2103 medicine
1741 2066 1885 2104 doctori

431 2121 469 2157 in
487 2121 587 2157 alma
601 2122 847 2158 vniuersitate
866 2121 992 2159 Padue
1009 2123 1230 2159 confirmato
1249 2123 1480 2170 Monspesuli
1497 2126 1537 2160 et
1553 2136 1653 2160 nunc
1665 2136 1710 2160 ex
1723 2124 1886 2172 Collegio

433 2179 659 2217 Londinensi
677 2185 720 2217 vt
735 2181 787 2218 sit
804 2181 864 2217 hic
881 2180 983 2228 apud
1001 2193 1067 2217 vos
1083 2182 1123 2218 in
1139 2180 1294 2218 eiisdem
1312 2182 1430 2229 gradu
1443 2182 1572 2219 ordine
1584 2188 1624 2219 et
1635 2194 1735 2219 anno
1747 2183 1886 2231 quibus

431 2241 505 2277 fuit
523 2241 561 2277 in
578 2240 681 2278 dicta
697 2241 890 2278 academia
908 2241 1091 2278 Patavina

780 2473 1105 2516 Bachalaureus
1136 2473 1179 2516 in
1212 2473 1305 2517 iure
1337 2473 1454 2516 civili

337 2593 564 2630 Conceditur
580 2595 621 2629 31
647 2592 736 2629 Maii
758 2592 823 2629 Ed.
846 2592 1007 2641 Lynfyld
1033 2597 1073 2630 vt
1097 2593 1319 2630 continuum
1343 2593 1512 2630 studium
1534 2593 1618 2641 viij⁰
1639 2605 1824 2630 annorum
1848 2594 1886 2631 in

431 2651 500 2687 hac
518 2652 764 2688 vniuersitate
779 2662 865 2689 cum
883 2652 1183 2700 oppositionibus
1200 2651 1505 2700 responsionibus
1521 2651 1680 2700 aliisque
1700 2653 1888 2689 exercitiis

432 2722 497 2758 per
512 2714 661 2747 statuta
678 2711 871 2758 requisitis
887 2715 977 2748 ante
998 2711 1080 2748 eius
1104 2710 1371 2748 admissionem
1396 2710 1631 2758 perficiendis
1655 2710 1765 2747 modo
1787 2722 1887 2748 com·

433 2770 540 2807 mode
566 2770 642 2806 fleri
670 2771 789 2818 lmssit
813 2771 871 2807 sin
899 2771 1024 2807 minus
1050 2771 1150 2807 intra
1174 2782 1317 2807 annum
1341 2769 1412 2807 sub
1435 2780 1532 2817 pena
1555 2770 1589 2816 vj
1604 2770 1629 2806 li
1656 2770 1759 2818 xiijs.
1786 2770 1838 2818 iiij
1851 2770 1886 2807 d.

432 2828 604 2876 ponenda
622 2829 659 2865 in
678 2829 852 2866 manibus
870 2833 1153 2877 pnmuratorum
1177 2833 1266 2865 ante
1288 2829 1370 2865 eius
1392 2828 1658 2865 admissionem
1677 2829 1838 2867 sufficiat
1855 2830 1888 2866 ei

432 2885 479 2922 sd
500 2885 719 2923 intrandum
738 2887 775 2923 iu
795 2887 875 2923 iure
891 2887 991 2923 civili
1013 2886 1172 2935 (peregit
1190 2886 1317 2923 omnia
1334 2888 1467 2935 marg.)
