1976 3276
337 160 421 200 258
918 163 1069 199 GRAcE
1098 163 1223 195 ΒοοΚ
1254 163 1285 194 Δ
1666 150 1887 208 [1571-72

148 273 176 314 fi
200 273 278 312 108
294 272 320 311 b
336 271 564 308 Conceditur
591 273 635 306 18
659 268 832 306 ,Ianuarii
858 267 1038 315 magistro
1065 267 1252 303 Willelmo
1277 267 1469 304 Ashebold
1496 271 1539 303 vt
1567 267 1619 303 sit
1645 279 1742 303 vnus
1769 279 1814 302 ex
1845 268 1889 302 12

430 328 727 377 predicatoribus
747 327 818 363 hoc
840 326 1005 374 presenti
1026 338 1126 362 anno
1148 338 1215 373 per
1231 326 1463 363 academiam
1479 326 1698 363 emittendis
1717 329 1756 362 et
1778 336 1892 372 super

427 388 498 424 hac
514 390 640 423 vestra
655 385 894 422 concessione
910 384 1040 420 literas
1057 383 1195 421 habeat
1217 384 1400 431 sigillatas
1420 385 1542 432 sigillo
1558 387 1684 421 vestro
1700 383 1890 420 communi

335 447 477 484 Eadem
500 446 622 493 gratia
646 444 866 482 conceditur
891 446 936 478 25
961 443 1134 479 Januarii
1159 444 1340 490 magistro
1363 443 1470 481 Alex.
1498 443 1698 490 Fitziefray
1722 446 1761 478 et
1787 443 1889 489 Step.

433 506 615 543 Cardwell
643 517 747 541 sacre
773 503 958 550 theologie
983 502 1245 539 bacchalaurio
1304 506 1351 539 20
1376 503 1506 539 Martii
1535 503 1714 550 magistro
1739 501 1891 548 Hugoni

433 566 549 613 Blyth
608 566 653 602 27
681 563 810 599 Martii
835 562 1016 609 magistro
1040 562 1206 598 Johanni
1233 562 1416 598 Handson
1442 574 1491 599 se.
1548 566 1569 598 4
1594 562 1688 598 Julii
1712 561 1892 608 magistro

432 624 748 671 Whaysbyngton

338 683 566 721 Conceditur
583 685 629 719 26
645 683 669 719 J
672 681 818 718 anuarii
834 684 878 716 vt
894 679 1114 716 reformacio
1130 680 1415 727 composicionis
1431 679 1531 716 inter
1546 692 1615 716 nos
1631 682 1670 716 et
1687 678 1893 726 oppidanos

433 743 534 779 facta
554 754 667 789 super
689 740 913 788 purgacione
935 739 1146 786 platearum
1163 742 1223 775 etc
1242 739 1319 775 iam
1341 739 1448 775 finite
1463 739 1726 776 committatur
1741 738 1892 774 domino

433 800 724 849 procancellario
746 798 964 836 doctoribus
987 797 1165 834 Hawsord
1187 798 1398 846 Whitgyfte
1421 799 1574 846 Harvye
1596 798 1725 846 Bynge
1747 797 1892 834 duobus

433 859 738 908 procuratoribus
761 857 953 906 magistris
970 857 1166 904 Sheppard
1183 860 1222 893 et
1240 857 1344 894 Goad
1360 861 1476 904 atque
1492 861 1535 893 vt
1557 857 1721 893 habeant
1742 857 1892 904 plenam

432 918 699 955 auctoritatem
728 920 892 953 vestram
922 915 1097 952 mutandi
1130 916 1314 952 alterandi
1344 917 1551 964 corrigendi
1580 916 1742 953 addendi
1770 915 1891 952 detra-

434 977 547 1013 hendi
567 975 886 1023 quemadmodum
908 974 988 1011 suis
1010 974 1157 1011 inditiis
1179 975 1579 1011 convenientissimum
1604 975 1682 1011 fore
1704 973 1894 1010 videbitur

434 1037 496 1072 Sic
522 1038 565 1071 vt
593 1034 694 1082 quod
726 1034 847 1070 maior
875 1046 963 1081 pars
995 1046 1124 1070 eorum
1153 1034 1359 1071 decreverit
1392 1037 1518 1071 vestra
1549 1034 1775 1071 auctoritate
1807 1045 1892 1069 con-

435 1096 606 1131 firmetur
621 1106 665 1130 ac
682 1093 900 1129 stabiliatur
917 1092 1027 1129 modo
1043 1092 1148 1140 regni
1171 1093 1316 1140 legibus
1333 1105 1376 1130 ac
1393 1093 1582 1130 academie
1599 1093 1801 1141 privilegiis
1817 1104 1892 1128 non

434 1153 686 1190 contrarietur
701 1154 741 1188 et
763 1151 885 1198 sigillo
902 1154 1029 1187 vestro
1045 1151 1238 1187 communi
1261 1152 1446 1199 sigilletur
1465 1152 1517 1188 sic
1535 1156 1577 1189 vt
1596 1163 1792 1199 expressus
1808 1163 1892 1187 con-

434 1225 568 1250 sensus
583 1211 822 1248 dominorum
839 1211 1118 1259 procancellarii
1136 1215 1174 1248 et
1190 1214 1475 1258 procuratorum
1491 1212 1684 1259 premissis
1700 1210 1862 1247 addatur

340 1272 567 1310 Conceditur
583 1274 606 1307 8
626 1270 820 1307 Februarii
839 1274 880 1306 vt
898 1274 1067 1317 tempore
1084 1271 1222 1306 oratori
1245 1283 1311 1318 per
1332 1274 1479 1307 statuta
1502 1271 1675 1318 prefinito
1697 1271 1736 1307 in
1759 1282 1894 1317 magna

435 1330 631 1366 vacatione
662 1329 739 1365 fere
771 1328 898 1376 elapso
931 1332 1009 1365 tres
1041 1328 1088 1364 dc
1121 1329 1266 1376 integro
1299 1341 1446 1366 menses
1478 1329 1624 1366 vicibus
1659 1329 1895 1377 interpolatis

436 1390 663 1427 auctoritate
692 1391 819 1425 vestra
845 1388 1035 1425 addantur
1063 1389 1117 1424 sic
1145 1391 1274 1425 tamen
1304 1393 1345 1425 vt
1378 1389 1410 1425 si
1443 1389 1593 1436 quando
1625 1389 1673 1425 ab
1705 1389 1896 1425 academia

436 1448 600 1485 abfuerit
638 1447 815 1484 idoneum
847 1447 1010 1494 aliquem
1041 1446 1251 1484 substituat
1284 1447 1420 1484 iuditio
1451 1448 1730 1495 procancellarii
1763 1460 1894 1495 appro-

437 1508 606 1545 bandum

346 1568 471 1604 Primo
503 1567 647 1615 Aprilis
719 1578 806 1614 may
840 1566 872 1602 it
909 1565 1034 1612 please
1067 1577 1148 1613 yow
1180 1566 1220 1613 yt
1251 1572 1305 1601 mr
1337 1565 1377 1602 dr
1411 1565 1564 1613 Harvye
1595 1566 1635 1602 d¹⁶
1668 1565 1782 1602 Ithell
1820 1565 1895 1602 and

439 1633 492 1662 mr
517 1626 748 1673 Bridgwater
772 1637 859 1673 may
884 1624 929 1661 be
954 1625 977 1661 J
981 1624 1096 1672 udges
1120 1625 1288 1673 delegate
1313 1625 1352 1662 in
1377 1625 1442 1662 the
1467 1637 1577 1662 cause
1602 1626 1643 1662 of
1664 1625 1895 1674 appellacion

439 1687 480 1722 of
501 1693 554 1722 mr
579 1685 752 1733 Fyncche

345 1744 573 1782 Conceditur
601 1746 646 1781 27
675 1743 782 1780 Junii
811 1746 854 1779 vt
886 1743 1066 1790 magister
1095 1744 1223 1791 Rugge
1255 1744 1345 1791 quia
1376 1756 1443 1792 per
1474 1745 1626 1791 negocia
1657 1745 1896 1792 parliamenti

441 1804 621 1852 proximis
649 1803 814 1840 comitiis
842 1815 917 1839 non
946 1807 1073 1851 potest
1102 1803 1282 1840 interesse
1311 1804 1431 1851 possit
1459 1804 1589 1840 abesse
1616 1804 1697 1840 sine
1725 1804 1800 1840 vllo
1828 1816 1896 1841 suo

441 1864 642 1912 preiuditio
671 1868 710 1900 et
742 1875 825 1900 eam
857 1863 1020 1900 retineat
1048 1862 1306 1900 senioritatem
1335 1876 1449 1911 quam
1482 1867 1590 1911 pater
1618 1862 1824 1911 assignabit
1857 1864 1896 1900 in

447 1924 627 1972 proximis
652 1923 816 1960 comitiis
840 1923 879 1960 in
905 1928 1089 1970 quantum
1117 1925 1275 1960 statutis
1299 1924 1410 1971 regiis
1434 1936 1508 1960 non
1533 1923 1754 1960 adversatur

347 1983 574 2021 Conceditur
602 1987 624 2020 4
652 1983 747 2020 Julii
776 1983 955 2031 magistro
982 1983 1109 2020 Ireton
1136 1983 1302 2020 admisso
1327 1983 1375 2020 ad
1402 1983 1657 2031 incipiendum
1686 1983 1725 2019 in
1752 1982 1898 2019 artibus

441 2048 481 2080 et
506 2046 659 2091 propter
683 2055 858 2090 magnam
883 2042 1133 2090 egritudinem
1156 2055 1178 2079 a
1199 2043 1363 2079 comitiis
1387 2042 1535 2079 absenti
1555 2046 1597 2078 vt
1617 2042 1697 2078 eius
1718 2041 1897 2079 admissio

442 2106 519 2139 stet
545 2102 579 2139 ei
609 2114 676 2150 pro
702 2102 890 2139 creatione
914 2106 954 2139 et
978 2114 1061 2139 eam
1088 2102 1251 2139 retineat
1279 2102 1538 2139 senioritatem
1563 2113 1677 2148 quam
1707 2105 1815 2148 pater
1843 2101 1897 2138 illi

442 2162 650 2209 assignavit

345 2220 573 2258 Conceditur
598 2224 619 2256 4
644 2220 738 2257 Julii
763 2220 917 2257 domino
944 2221 1117 2257 Michaeli
1150 2220 1301 2257 Haidon
1326 2220 1508 2268 superiori
1538 2231 1637 2256 anno
1661 2218 1825 2255 admisso
1849 2220 1897 2256 ad

441 2278 696 2327 incipiendum
727 2279 766 2315 in
791 2278 938 2315 artibus
962 2283 1002 2316 et
1028 2283 1181 2328 propter
1206 2291 1382 2326 magnam
1409 2278 1659 2326 egritudinem
1688 2290 1711 2314 a
1735 2279 1898 2316 comitiis

442 2338 588 2375 absenti
607 2342 648 2375 vt
664 2338 746 2375 eius
766 2338 945 2375 admissio
962 2342 1039 2376 stet
1055 2340 1088 2376 ci
1112 2352 1179 2387 pro
1195 2339 1384 2376 creatione
1400 2343 1440 2376 et
1456 2350 1540 2376 eam
1562 2338 1723 2375 retineat
1744 2338 1896 2375 seniori-

444 2400 562 2433 tatem
580 2409 694 2444 quam
713 2401 820 2445 pater
836 2401 928 2434 tunc
945 2397 998 2434 illi
1016 2398 1221 2445 assignavit
