2008 3294
359 189 445 230 420
955 195 1106 228 emon
1137 196 1261 228 BOOK
1291 195 1322 228 Δ
1687 185 1819 243 [1587
1827 189 1910 229 -88

973 738 1305 796 [1587-1588]

360 892 526 936 Gratiae
570 892 661 936 sive
709 892 950 950 peticiones
995 893 1041 935 in
1087 893 1220 950 plena
1264 894 1602 952 congregatione
1647 895 1913 952 Regentium

476 967 523 1005 et
573 977 660 1005 non
707 962 973 1020 Regentium
1021 978 1048 1005 a
1093 963 1204 1006 festo
1251 962 1404 1006 Sancti
1449 960 1675 1007 Michaelis
1720 964 1915 1007 Archan-

475 1032 565 1090 geli
610 1047 725 1075 anno
770 1033 938 1076 domini
986 1032 1118 1077 15870
1160 1048 1294 1090 vsque
1340 1033 1396 1076 ad
1442 1033 1558 1077 idem
1604 1035 1763 1077 festum
1808 1040 1916 1077 tunc

476 1102 673 1159 proxime
714 1117 904 1159 sequens
949 1103 1126 1146 domino
1171 1102 1340 1145 Thoma
1386 1102 1508 1161 Legg
1548 1104 1692 1162 legum
1741 1104 1915 1147 doctore

479 1171 828 1215 vicecancellario
859 1177 905 1215 et
937 1171 1157 1229 magistris
1190 1171 1393 1215 Johanne
1430 1173 1602 1216 Palmer
1634 1180 1680 1216 et
1711 1174 1914 1217 ‚Iohanne

478 1241 635 1299 Smyth
692 1242 1045 1299 procuratoribus
1101 1242 1323 1300 magistris
1380 1242 1543 1299 [blank]
1604 1243 1811 1300 Mounsey
1869 1250 1915 1287 et

478 1312 632 1356 Carolo
670 1313 820 1356 Home
857 1313 1176 1356 scrutatoribus
1211 1312 1432 1370 magistris
1468 1313 1635 1370 [blank]
1676 1314 1835 1358 Sledde
1871 1320 1916 1357 et

446 1431 452 1437 ⁸
480 1382 699 1426 Willelmo
728 1382 882 1426 Foster
909 1383 1181 1426 taxatoribus
1210 1389 1255 1426 et
1284 1383 1492 1441 magistro
1523 1384 1724 1428 Mattheo
1755 1384 1914 1441 Stokys

478 1452 725 1509 registrario

361 1594 589 1631 Conceditur
613 1597 656 1630 12
674 1593 849 1631 Octobris
865 1596 908 1630 vt
923 1594 1100 1630 dominus
1121 1594 1433 1641 procancellarius
1449 1594 1620 1631 doctores
1644 1595 1761 1632 Perne
1784 1595 1915 1631 Bettes

456 1654 585 1690 Bai-ow
602 1653 773 1700 magistri
791 1652 1005 1689 Chaderton
1023 1655 1062 1688 et
1080 1652 1218 1689 Staller
1233 1652 1312 1689 sint
1328 1660 1444 1700 caput
1459 1657 1615 1690 senatus
1631 1654 1750 1690 futuri
1768 1654 1858 1690 anni

360 1713 586 1749 Conceditur
611 1715 649 1750 7⁰
671 1712 815 1760 Aprilis
842 1713 933 1749 1587
959 1708 1017 1748 J0.
1044 1711 1163 1748 Wade
1188 1714 1231 1748 vt
1258 1714 1301 1747 12
1326 1713 1479 1748 termini
1506 1713 1682 1760 completi
1711 1714 1750 1749 in
1776 1713 1915 1760 quibus

453 1772 633 1809 lectiones
669 1771 878 1808 ordinarias
914 1770 1062 1807 audivit
1098 1771 1185 1807 licet
1220 1782 1295 1807 non
1328 1771 1482 1807 omnino
1514 1771 1719 1808 secundum
1754 1772 1912 1808 formam

454 1832 591 1868 statuti
621 1844 707 1868 cum
732 1830 1034 1879 oppositionibus
1063 1830 1370 1878 responsionibus
1398 1831 1606 1878 ceterisque
1634 1831 1821 1868 exercitiis
1850 1844 1916 1879 per

453 1894 600 1928 statuta
636 1892 737 1938 regia
773 1890 966 1938 requisitis
1007 1890 1196 1926 sufficiant
1232 1890 1266 1926 ei
1303 1890 1351 1926 ad
1388 1890 1690 1938 respondendum
1723 1891 1913 1938 questioni

454 1950 596 1988 Eadem
636 1950 757 1998 gratia
789 1949 1007 1986 conceditur
1039 1949 1082 1997 ij⁰
1113 1949 1220 1986 Junii
1254 1949 1318 1985 W⁰
1347 1949 1488 1997 Bishop
1520 1953 1559 1986 et
1593 1952 1637 1985 24
1670 1949 1776 1986 Junii
1811 1950 1914 1997 Step.

455 2009 530 2046 Coe

362 2069 500 2106 Eadem
518 2070 639 2117 gratia
656 2068 876 2106 conceditur
893 2069 931 2104 in
950 2079 1078 2105 mense
1094 2067 1265 2104 Januarii
1283 2073 1323 2105 et
1341 2068 1534 2105 Februarii
1553 2080 1596 2105 ex
1614 2068 1767 2115 collegio
1784 2073 1914 2106 sancte

454 2129 654 2165 Trinitatis
677 2128 842 2175 Josepho
867 2127 981 2164 Birde
1005 2127 1062 2165 J0.
1092 2127 1260 2164 Shaxton
1285 2128 1342 2164 J0.
1368 2128 1529 2176 Symson
1554 2128 1755 2165 Lanceloto
1777 2130 1913 2165 Curtes

453 2189 510 2224 Jo.
540 2188 708 2235 Aungier
734 2187 796 2223 W⁰
816 2186 1018 2223 Alabaster
1044 2187 1135 2223 Tho.
1161 2186 1294 2223 Mende
1319 2187 1410 2224 Tho.
1435 2186 1561 2224 Fuller
1587 2187 1769 2223 Nicholao
1795 2187 1914 2235 Suger

454 2248 560 2285 Geor.
586 2246 755 2283 Fairefax
782 2244 932 2282 Eubulo
958 2245 1127 2281 Tholonll
1150 2244 1214 2280 W⁰
1231 2244 1419 2281 Brelsford
1449 2245 1593 2281 Arturo
1621 2245 1783 2283 Odames
1809 2246 1911 2283 Edw.

454 2306 632 2342 Townroe
659 2305 818 2342 Ricardo
843 2305 1006 2341 'romeon
1032 2304 1090 2342 J0.
1117 2304 1337 2351 Partington
1362 2304 1550 2341 Willelmo
1576 2305 1724 2341 Morten

364 2365 414 2401 Ex
457 2365 610 2412 collegio
650 2364 684 2400 d.
720 2363 907 2400 Johannis
971 2363 1137 2400 Johanni
1180 2363 1315 2400 Orwell
1359 2363 1545 2411 Hastingo
1582 2363 1816 2400 Wolverston
1855 2364 1915 2400 W⁰

456 2424 641 2460 nostorum
663 2423 722 2461 J0.
743 2423 875 2459 Hookc
900 2422 1051 2470 Hugoni
1076 2422 1214 2459 Gelder
1236 2422 1364 2469 Drugo
1385 2422 1581 2470 Chapman
1606 2422 1765 2459 Ricardo
1790 2423 1916 2470 Pigott

454 2485 557 2531 Stcp.
575 2483 765 2519 Thomson
792 2482 980 2519 Ludovico
999 2482 1140 2519 Alcoke
1162 2481 1335 2519 Gilberto
1359 2482 1527 2530 Lynacer
1546 2482 1688 2518 Jacobo
1711 2482 1915 2529 Scharplus

454 2543 561 2579 Geor.
585 2541 703 2578 Budlc
725 2540 783 2578 J0.
809 2540 946 2588 Smyth
970 2540 1027 2577 J0.
1053 2540 1206 2588 Cupper
1231 2539 1332 2577 Edw.
1358 2539 1503 2587 Sparke
1530 2539 1659 2576 Isaaco
1683 2540 1811 2577 Horne
1832 2541 1912 2578 Jac.

454 2601 630 2639 sam-abio
662 2599 821 2637 Ricardo
848 2600 994 2637 Massee
1019 2600 1127 2636 Geor.
1156 2599 1305 2637 Fawcet
1330 2598 1393 2634 W⁰
1419 2599 1545 2635 Lewes
1570 2598 1683 2636 Ocno.
1711 2599 1829 2647 Gwyn
1854 2600 1913 2637 J0.

458 2661 609 2698 Duntch

365 2720 415 2759 Ex
440 2721 593 2767 collegio
616 2719 758 2756 Christi
819 2719 908 2766 Rog.
930 2718 1068 2755 Jacson
1091 2717 1270 2755 Christof.
1298 2716 1438 2753 Nelson
1463 2716 1554 2755 Tho,
1573 2716 1672 2753 Jolie
1693 2717 1749 2754 Jo.
1778 2717 1913 2755 Holme

453 2781 511 2817 Jo.
538 2778 647 2816 Rudd
672 2778 823 2815 Olivoro
848 2777 1016 2825 Perkyns
1039 2777 1097 2813 Jo.
1125 2776 1231 2824 Kaye
1250 2775 1312 2812 W⁰
1330 2774 1544 2813 Dimblebio
1568 2775 1718 2813 Humfr.
1739 2776 1913 2825 Templer

453 2839 544 2876 Tho.
565 2838 739 2876 Newoom
757 2837 779 2874 J
784 2850 815 2875 ο.
835 2837 972 2874 Jacson

361 2901 414 2938 Ex
431 2899 584 2947 collegio
603 2897 822 2946 Magdalone
880 2897 944 2934 W⁰
961 2896 1065 2945 Ellys
1081 2894 1223 2933 Jacobo
1239 2894 1388 2933 Wattes
1406 2894 1496 2932 Tho.
1517 2894 1659 2932 Whitlo
