2046 3224
372 158 429 200 72
972 169 1122 202 omer:
1152 170 1277 202 Boon
1307 171 1337 202 Δ
1698 159 1916 215 [1550-51

373 272 472 309 Item
489 273 705 310 conceditur
720 273 873 310 domino
890 273 1067 321 Goodryk
1083 275 1126 310 vt
1145 276 1168 310 9
1190 274 1342 310 termini
1365 277 1452 321 post
1473 274 1623 311 finalem
1645 275 1726 312 eius
1746 274 1921 311 determi-

467 332 660 368 nationem
693 333 732 368 in
757 331 897 380 quibus
922 331 1101 368 lectiones
1133 332 1341 369 ordinarias
1373 332 1522 369 audiuit
1548 333 1637 369 licet
1668 345 1743 369 non
1770 332 1923 368 omnino

467 389 674 426 secundum
692 389 852 426 formam
877 390 1013 427 statuti
1031 401 1117 426 cum
1134 390 1435 437 oppositionibus
1456 390 1762 438 responsionibus
1777 394 1816 427 et
1840 390 1924 426 aliis

468 450 655 486 exercitiis
688 461 754 497 per
787 449 888 496 regia
919 452 1066 486 statuta
1098 449 1290 496 requisitis
1315 450 1505 486 sufficiant
1533 450 1566 486 ei
1595 450 1643 486 ad
1669 449 1923 497 incipiendum

469 509 509 544 in
533 507 679 544 artibus

375 567 518 604 Eadem
551 568 672 614 gratia
696 568 743 604 de
767 567 880 604 verbo
905 568 944 604 in
970 567 1125 604 verbum
1151 567 1367 604 conceditur
1390 568 1553 604 dominis
1586 568 1746 604 Stuarde
1774 568 1926 604 Walker

468 629 508 663 et
532 626 670 673 Taylor

376 685 475 720 Item
500 684 718 720 conceditur
740 684 893 720 domino
917 683 1050 719 Stenes
1074 687 1117 719 vt
1141 686 1164 720 9
1186 684 1339 720 termini
1362 687 1449 731 post
1473 684 1622 721 finalem
1648 684 1728 721 eius
1752 685 1925 720 determi-

470 744 661 780 nationem
684 743 735 779 ,in
767 743 907 790 quibus
939 743 1118 779 lectiones
1144 743 1353 779 ordinarias
1385 743 1533 780 audiuit
1559 743 1647 779 licet
1673 755 1746 779 non
1774 744 1927 780 omnino

471 802 677 839 secundum
701 802 861 838 formam
886 802 1024 838 statuti
1049 814 1135 838 cum
1160 801 1336 838 omnibus
1360 802 1544 838 exercitiis
1569 814 1636 849 per
1659 803 1759 849 regia
1781 805 1927 838 statuta

469 862 662 908 requisitis
678 861 868 897 sufficiant
884 861 918 897 ei
935 861 983 897 ad
1000 861 1254 907 incipiendum
1274 861 1313 897 in
1329 860 1475 897 artibus

376 921 517 957 Eadem
534 921 656 967 gratia
671 920 718 956 de
735 919 848 956 verbo
865 920 903 956 in
918 919 1074 956 verbum
1087 919 1304 956 conceditur
1315 919 1478 955 dominis
1491 920 1662 956 Denman
1673 922 1712 955 et
1726 919 1926 967 Robynson

377 979 475 1015 Item
514 979 732 1015 conceditur
762 978 916 1014 domino
950 978 1081 1014 Shawe
1114 982 1157 1013 vt
1189 989 1322 1014 novem
1355 977 1508 1013 termini
1541 980 1628 1024 post
1666 978 1814 1014 finalem
1848 978 1929 1014 eius

469 1038 822 1074 determinationem
855 1037 894 1073 in
927 1036 1067 1084 quibus
1099 1036 1277 1073 lectiones
1310 1036 1517 1072 ordinarias
1552 1036 1700 1073 audiuit
1732 1036 1821 1073 licet
1853 1049 1927 1072 non

470 1097 623 1133 omnino
655 1096 862 1133 secundum
893 1096 1054 1133 formam
1086 1096 1223 1133 statuti
1256 1108 1342 1132 cum
1376 1095 1675 1143 oppositionibus
1707 1099 1746 1132 et
1778 1107 1928 1143 respon-

470 1155 641 1192 sionibus
669 1156 877 1203 ceterisque
905 1167 973 1203 per
1003 1156 1104 1202 regia
1132 1158 1280 1192 statuta
1306 1155 1497 1202 requisitis
1520 1155 1709 1191 sufficiant
1736 1156 1770 1191 ei
1796 1155 1844 1192 ad
1873 1155 1928 1191 in-

471 1215 686 1262 cipiendum
712 1215 752 1251 in
777 1215 923 1251 artibus

378 1274 520 1311 Eadem
537 1274 657 1321 gratia
673 1274 891 1310 conceditur
906 1273 1060 1310 domino
1076 1274 1178 1321 Ayre
1194 1273 1259 1310 sed
1277 1285 1351 1309 non
1369 1277 1428 1309 est
1443 1272 1631 1309 admissus
1646 1272 1717 1309 hoc
1736 1284 1835 1308 anno

382 1333 478 1369 Item
508 1333 725 1370 conceditur
750 1332 903 1369 domino
933 1332 1108 1368 Metcalfe
1141 1335 1184 1368 vt
1216 1334 1239 1368 9
1271 1331 1422 1368 termini
1456 1334 1543 1378 post
1574 1331 1724 1368 finalem
1755 1331 1929 1368 determi-

474 1391 666 1427 nationem
696 1391 735 1427 in
769 1389 908 1437 quibus
941 1390 1119 1426 lectiones
1148 1389 1355 1426 ordinarias
1383 1389 1531 1426 audiuit
1557 1389 1645 1425 licet
1670 1401 1745 1425 non
1778 1389 1932 1425 omnino

473 1450 680 1486 secundum
698 1451 855 1486 formam
874 1449 1010 1486 statuti
1034 1461 1120 1485 cum
1143 1448 1266 1485 tribus
1290 1447 1593 1495 responsionibus
1614 1447 1803 1484 sufficiant
1824 1448 1856 1484 ei
1883 1447 1930 1483 ad

474 1509 730 1556 incipiendum
748 1509 786 1545 in
804 1507 952 1545 artibus

381 1567 479 1603 Item
496 1567 714 1604 conceditur
735 1567 888 1603 domino
912 1566 1043 1613 Lakyn
1068 1569 1110 1602 vt
1133 1568 1156 1602 9
1178 1566 1330 1602 termini
1347 1577 1434 1602 cum
1457 1565 1756 1612 oppositionibus
1781 1578 1930 1613 respon·

472 1626 642 1662 sionibus
669 1630 708 1663 et
733 1625 1072 1662 declamationibus
1101 1625 1294 1672 requisitis
1322 1625 1510 1661 sufficiant
1538 1625 1572 1661 ei
1599 1625 1647 1662 ad
1675 1625 1931 1672 incipiendum

474 1685 513 1720 in
539 1684 686 1721 artibus

380 1741 521 1778 Eadem
546 1742 668 1788 gratia
696 1741 742 1778 de
772 1741 885 1778 verbo
912 1743 950 1778 in
978 1741 1133 1778 verbum
1163 1741 1380 1778 conceditur
1411 1740 1573 1778 dominis
1600 1741 1722 1789 Levyr
1747 1742 1866 1789 Gwyn
1893 1746 1932 1778 et

475 1800 618 1836 Thome
645 1800 802 1848 Kechyn

384 1858 466 1895 Vna
482 1871 569 1895 cum
587 1859 671 1895 istis
695 1860 836 1907 incepit
851 1860 898 1896 de
920 1860 1072 1907 collegio
1093 1860 1221 1908 Regali
1244 1860 1420 1897 dominus
1443 1860 1571 1896 Niclas
1587 1862 1653 1907 qui
1673 1862 1833 1908 gratiam
1857 1875 1930 1899 non

476 1919 587 1965 petiit
605 1931 671 1955 nec
688 1920 891 1967 quicquam
909 1920 1023 1956 solvit
1039 1932 1107 1967 pro
1123 1921 1389 1957 exoneracione
1405 1921 1631 1958 conscientie

500 2077 723 2122 Numerus
755 2080 1059 2136 magistrorum
1093 2080 1138 2123 in
1169 2080 1339 2125 artibus
1370 2081 1495 2125 iuxta
1525 2082 1820 2126 senioritatem

1024 2166 1139 2194 anno
1173 2154 1281 2194 1551

576 2243 731 2292 Kecbyn
1047 2246 1177 2294 Lakyn
1489 2247 1644 2283 Steanes

576 2303 776 2351 Robynson
1046 2305 1237 2342 Stewarde
1492 2306 1644 2343 Walkar

573 2362 752 2399 Nicholas
1046 2365 1165 2412 Gwyn
1491 2365 1665 2402 Metcalfe

572 2421 791 2470 Goodrycke
1048 2422 1219 2460 Denman
1491 2423 1629 2471 'raylor

572 2479 704 2517 Shawe
1045 2481 1166 2530 Levyr
1490 2482 1546 2530 Ay
1552 2494 1590 2519 re

573 2538 719 2586 Byrche
1049 2540 1203 2588 Kecbyn

165 2614 273 2648 ¹¹⁰¹*-
293 2613 363 2647 ἀΰ*
386 2626 482 2662 ltcm
501 2626 719 2663 conceditur
739 2626 971 2663 nobilissimo
994 2627 1153 2675 principi
1180 2628 1343 2664 Henrico
1365 2628 1566 2665 Suffolchic
1587 2628 1671 2666 duci
1697 2633 1738 2666 vt
1762 2631 1931 2668 studium

165 2658 355 2691 Snflolchlo

165 2706 275 2734 mone
291 2711 362 2744 pre-

163 2749 352 2788 oecupnuu

164 2789 229 2822 bac
245 2789 357 2828 urstis

165 2843 235 2866 non
252 2836 306 2865 m

164 2876 303 2918 fluvi-un

477 2684 577 2732 quod
603 2685 662 2721 bic
678 2690 718 2722 et
734 2685 822 2722 alibi
844 2686 880 2722 in
901 2686 1136 2735 philosophia.
1161 2687 1328 2735 posuerit
1349 2687 1511 2725 sufficiat
1534 2687 1586 2725 illi
1609 2689 1656 2725 ad
1679 2689 1931 2737 incipiendum

481 2743 517 2779 in
535 2742 682 2779 artibus
731 2744 792 2780 Sic
813 2747 854 2780 vt
872 2745 990 2792 possit
1013 2744 1164 2782 admitti
1187 2744 1235 2782 od
1253 2745 1434 2793 placitum
1457 2745 1756 2794 quandocunque
1775 2748 1934 2785 voluerit

478 2802 559 2838 nino
583 2802 619 2838 in
646 2803 808 2839 termino
830 2803 911 2839 sinc
933 2808 1039 2840 extra
1065 2804 1267 2841 terminum
1290 2804 1431 2852 absque
1456 2805 1529 2841 vlla
1552 2805 1770 2842 visitacionc
1791 2810 1830 2843 et
1850 2808 1934 2844 aliis

478 2862 698 2898 oon-emonii·-
722 2861 1010 2911 quibuscunque
