<?xml version="1.0" encoding="UTF-8"?>
<!DOCTYPE html PUBLIC "-//W3C//DTD XHTML 1.0 Transitional//EN"
    "http://www.w3.org/TR/xhtml1/DTD/xhtml1-transitional.dtd">
<html xmlns="http://www.w3.org/1999/xhtml" xml:lang="en" lang="en">
 <head>
  <title>
</title>
<meta http-equiv="Content-Type" content="text/html;charset=utf-8" />
  <meta name='ocr-system' content='tesseract 3.04.00' />
  <meta name='ocr-capabilities' content='ocr_page ocr_carea ocr_par ocr_line ocrx_word'/>
</head>
<body>
  <div class='ocr_page' id='page_1' title='image "./gracebookdeltaco00univuoft_0105.png"; bbox 0 0 2046 3224; ppageno 0'>
   <div class='ocr_carea' id='block_1_1' title="bbox 182 139 1728 198">
    <p class='ocr_par' dir='ltr' id='par_1_1' title="bbox 182 139 1728 198">
     <span class='ocr_line' id='line_1_1' title="bbox 182 139 1728 198; baseline -0.001 -14"><span class='ocrx_word' id='word_1_1' title='bbox 182 142 402 198; x_wconf 85' lang='lat'>1550-51]</span> <span class='ocrx_word' id='word_1_2' title='bbox 770 151 922 184; x_wconf 70' lang='lat' dir='ltr'><strong>emor:</strong></span> <span class='ocrx_word' id='word_1_3' title='bbox 952 151 1077 184; x_wconf 81' lang='lat' dir='ltr'>BOOK</span> <span class='ocrx_word' id='word_1_4' title='bbox 1108 152 1137 183; x_wconf 78' lang='grc' dir='ltr'><strong>Δ</strong></span> <span class='ocrx_word' id='word_1_5' title='bbox 1676 139 1728 183; x_wconf 85' lang='grc'><strong>71</strong></span> 
     </span>
    </p>
   </div>
   <div class='ocr_carea' id='block_1_2' title="bbox 251 342 1653 388">
    <p class='ocr_par' dir='ltr' id='par_1_2' title="bbox 251 342 1653 388">
     <span class='ocr_line' id='line_1_2' title="bbox 251 342 1653 388; baseline 0 -2"><span class='ocrx_word' id='word_1_6' title='bbox 251 342 476 387; x_wconf 82' lang='lat' dir='ltr'>Numerus</span> <span class='ocrx_word' id='word_1_7' title='bbox 506 343 918 387; x_wconf 79' lang='lat' dir='ltr'><strong>bacchalaureorum</strong></span> <span class='ocrx_word' id='word_1_8' title='bbox 949 343 993 387; x_wconf 93' lang='lat' dir='ltr'><strong>in</strong></span> <span class='ocrx_word' id='word_1_9' title='bbox 1026 343 1196 387; x_wconf 77' lang='lat' dir='ltr'><strong>artibus</strong></span> <span class='ocrx_word' id='word_1_10' title='bbox 1227 343 1360 387; x_wconf 88' lang='lat' dir='ltr'><strong>huius</strong></span> <span class='ocrx_word' id='word_1_11' title='bbox 1390 343 1494 387; x_wconf 83' lang='lat' dir='ltr'><strong>anni</strong></span> <span class='ocrx_word' id='word_1_12' title='bbox 1526 343 1653 388; x_wconf 80' lang='lat' dir='ltr'><strong>iuxta</strong></span> 
     </span>
    </p>
   </div>
   <div class='ocr_carea' id='block_1_3' title="bbox 309 414 1578 1206">
    <p class='ocr_par' dir='ltr' id='par_1_3' title="bbox 354 414 1467 619">
     <span class='ocr_line' id='line_1_3' title="bbox 799 414 1099 458; baseline 0 -1"><span class='ocrx_word' id='word_1_13' title='bbox 799 414 1099 458; x_wconf 80' lang='lat' dir='ltr'><strong>senioritatem</strong></span> 
     </span>
     <span class='ocr_line' id='line_1_4' title="bbox 354 513 1459 550; baseline 0 0"><span class='ocrx_word' id='word_1_14' title='bbox 354 513 488 550; x_wconf 87' lang='lat' dir='ltr'><strong>¹Owen</strong></span> <span class='ocrx_word' id='word_1_15' title='bbox 841 513 1022 550; x_wconf 80' lang='lat' dir='ltr'><strong>Bastarde</strong></span> <span class='ocrx_word' id='word_1_16' title='bbox 1334 514 1459 550; x_wconf 83' lang='lat' dir='ltr'><strong>Lewes</strong></span> 
     </span>
     <span class='ocr_line' id='line_1_5' title="bbox 370 571 1467 619; baseline 0 -11"><span class='ocrx_word' id='word_1_17' title='bbox 370 571 524 619; x_wconf 86' lang='lat' dir='ltr'><strong>Bowyer</strong></span> <span class='ocrx_word' id='word_1_18' title='bbox 842 572 990 608; x_wconf 84' lang='lat' dir='ltr'><strong>Bankes</strong></span> <span class='ocrx_word' id='word_1_19' title='bbox 1334 572 1467 608; x_wconf 71' lang='lat' dir='ltr'><strong>carun-</strong></span> 
     </span>
    </p>

    <p class='ocr_par' dir='ltr' id='par_1_4' title="bbox 309 630 1578 1090">
     <span class='ocr_line' id='line_1_6' title="bbox 309 630 1469 678; baseline 0.001 -12"><span class='ocrx_word' id='word_1_20' title='bbox 309 630 345 666; x_wconf 93' lang='lat' dir='ltr'><strong>d.</strong></span> <span class='ocrx_word' id='word_1_21' title='bbox 372 630 511 666; x_wconf 87' lang='lat' dir='ltr'><strong>Webbe</strong></span> <span class='ocrx_word' id='word_1_22' title='bbox 843 631 1065 677; x_wconf 86' lang='lat' dir='ltr'><strong>Dyckenson</strong></span> <span class='ocrx_word' id='word_1_23' title='bbox 1334 631 1469 678; x_wconf 83' lang='lat' dir='ltr'><strong>Oolyer</strong></span> 
     </span>
     <span class='ocr_line' id='line_1_7' title="bbox 368 689 1503 738; baseline 0.001 -13"><span class='ocrx_word' id='word_1_24' title='bbox 368 689 495 725; x_wconf 77' lang='lat' dir='ltr'><strong>Carew</strong></span> <span class='ocrx_word' id='word_1_25' title='bbox 842 689 1028 726; x_wconf 84' lang='lat' dir='ltr'><strong>Hatchett</strong></span> <span class='ocrx_word' id='word_1_26' title='bbox 1333 690 1503 738; x_wconf 84' lang='lat' dir='ltr'><strong>Awdyan</strong></span> 
     </span>
     <span class='ocr_line' id='line_1_8' title="bbox 371 748 1458 794; baseline 0.001 -11"><span class='ocrx_word' id='word_1_27' title='bbox 371 748 481 784; x_wconf 83' lang='lat' dir='ltr'><strong>Parre</strong></span> <span class='ocrx_word' id='word_1_28' title='bbox 842 748 966 794; x_wconf 84' lang='lat' dir='ltr'><strong>Degge</strong></span> <span class='ocrx_word' id='word_1_29' title='bbox 1334 748 1458 784; x_wconf 88' lang='lat' dir='ltr'><strong>Fowle</strong></span> 
     </span>
     <span class='ocr_line' id='line_1_9' title="bbox 370 807 1490 855; baseline 0.001 -13"><span class='ocrx_word' id='word_1_30' title='bbox 370 807 459 843; x_wconf 87' lang='lat' dir='ltr'><strong>Best</strong></span> <span class='ocrx_word' id='word_1_31' title='bbox 841 807 977 843; x_wconf 79' lang='lat' dir='ltr'><strong>Seman</strong></span> <span class='ocrx_word' id='word_1_32' title='bbox 1332 807 1490 855; x_wconf 83' lang='lat' dir='ltr'><strong>Clebery</strong></span> 
     </span>
     <span class='ocr_line' id='line_1_10' title="bbox 369 866 1578 914; baseline 0 -12"><span class='ocrx_word' id='word_1_33' title='bbox 369 866 647 913; x_wconf 85' lang='lat' dir='ltr'><strong>Wasshyngton</strong></span> <span class='ocrx_word' id='word_1_34' title='bbox 841 866 1010 903; x_wconf 86' lang='lat' dir='ltr'><strong>Wendon</strong></span> <span class='ocrx_word' id='word_1_35' title='bbox 1332 867 1578 914; x_wconf 83' lang='lat' dir='ltr'><strong>Busshefylde</strong></span> 
     </span>
     <span class='ocr_line' id='line_1_11' title="bbox 369 923 1457 971; baseline 0.001 -12"><span class='ocrx_word' id='word_1_36' title='bbox 369 923 519 959; x_wconf 89' lang='lat' dir='ltr'><strong>Worme</strong></span> <span class='ocrx_word' id='word_1_37' title='bbox 841 924 978 971; x_wconf 81' lang='lat' dir='ltr'><strong>Catlyn</strong></span> <span class='ocrx_word' id='word_1_38' title='bbox 1337 925 1360 959; x_wconf 89' lang='lat' dir='ltr'><strong>J</strong></span> <span class='ocrx_word' id='word_1_39' title='bbox 1363 924 1457 960; x_wconf 89' lang='lat' dir='ltr'><strong>ebbe</strong></span> 
     </span>
     <span class='ocr_line' id='line_1_12' title="bbox 367 979 1534 1030; baseline 0.001 -12"><span class='ocrx_word' id='word_1_40' title='bbox 367 983 472 1030; x_wconf 81' lang='lat' dir='ltr'><strong>Style</strong></span> <span class='ocrx_word' id='word_1_41' title='bbox 841 983 1052 1030; x_wconf 82' lang='lat' dir='ltr'><strong>Hawsoppe</strong></span> <span class='ocrx_word' id='word_1_42' title='bbox 1337 979 1534 1019; x_wconf 84' lang='lat' dir='ltr'><strong>Ketleston</strong></span> 
     </span>
     <span class='ocr_line' id='line_1_13' title="bbox 367 1042 1434 1090; baseline 0 -12"><span class='ocrx_word' id='word_1_43' title='bbox 367 1043 491 1078; x_wconf 86' lang='lat' dir='ltr'><strong>Cooke</strong></span> <span class='ocrx_word' id='word_1_44' title='bbox 739 1058 741 1060; x_wconf 91' lang='lat'>·</span> <span class='ocrx_word' id='word_1_45' title='bbox 838 1042 861 1078; x_wconf 89' lang='lat' dir='ltr'><strong>J</strong></span> <span class='ocrx_word' id='word_1_46' title='bbox 864 1042 1059 1090; x_wconf 87' lang='lat' dir='ltr'><strong>enkynson</strong></span> <span class='ocrx_word' id='word_1_47' title='bbox 1334 1043 1434 1078; x_wconf 87' lang='lat' dir='ltr'><strong>Foxe</strong></span> 
     </span>
    </p>

    <p class='ocr_par' dir='ltr' id='par_1_5' title="bbox 319 1101 1492 1206">
     <span class='ocr_line' id='line_1_14' title="bbox 319 1101 1492 1148; baseline -0.001 -11"><span class='ocrx_word' id='word_1_48' title='bbox 319 1101 354 1138; x_wconf 91' lang='lat' dir='ltr'><strong>d.</strong></span> <span class='ocrx_word' id='word_1_49' title='bbox 373 1101 558 1148; x_wconf 81' lang='lat' dir='ltr'><strong>Asshelay</strong></span> <span class='ocrx_word' id='word_1_50' title='bbox 837 1101 1064 1147; x_wconf 86' lang='lat' dir='ltr'><strong>Ethrington</strong></span> <span class='ocrx_word' id='word_1_51' title='bbox 1330 1101 1492 1148; x_wconf 81' lang='lat' dir='ltr'><strong>Hollyns</strong></span> 
     </span>
     <span class='ocr_line' id='line_1_15' title="bbox 367 1158 1468 1206; baseline -0.002 -11"><span class='ocrx_word' id='word_1_52' title='bbox 367 1160 524 1206; x_wconf 84' lang='lat' dir='ltr'><strong>Oowpar</strong></span> <span class='ocrx_word' id='word_1_53' title='bbox 835 1158 973 1206; x_wconf 79' lang='lat' dir='ltr'><strong>Taylor</strong></span> <span class='ocrx_word' id='word_1_54' title='bbox 1328 1158 1351 1193; x_wconf 89' lang='lat' dir='ltr'><strong>J</strong></span> <span class='ocrx_word' id='word_1_55' title='bbox 1354 1158 1468 1206; x_wconf 71' lang='lat' dir='ltr'><strong>effi-ey</strong></span> 
     </span>
    </p>
   </div>
   <div class='ocr_carea' id='block_1_4' title="bbox 462 1250 1407 1345">
    <p class='ocr_par' dir='ltr' id='par_1_6' title="bbox 462 1250 1407 1345">
     <span class='ocr_line' id='line_1_16' title="bbox 462 1250 1407 1298; baseline -0.001 -11"><span class='ocrx_word' id='word_1_56' title='bbox 462 1252 584 1287; x_wconf 84' lang='lat' dir='ltr'><strong>Grene</strong></span> <span class='ocrx_word' id='word_1_57' title='bbox 607 1251 795 1287; x_wconf 76' lang='lat' dir='ltr'><strong>admissus</strong></span> <span class='ocrx_word' id='word_1_58' title='bbox 819 1250 867 1287; x_wconf 82' lang='lat' dir='ltr'><strong>ad</strong></span> <span class='ocrx_word' id='word_1_59' title='bbox 889 1251 1192 1298; x_wconf 77' lang='lat' dir='ltr'><strong>respondendum</strong></span> <span class='ocrx_word' id='word_1_60' title='bbox 1218 1251 1407 1297; x_wconf 82' lang='lat' dir='ltr'><strong>questioni</strong></span> 
     </span>
     <span class='ocr_line' id='line_1_17' title="bbox 462 1308 1102 1345; baseline 0 -1"><span class='ocrx_word' id='word_1_61' title='bbox 462 1309 615 1344; x_wconf 80' lang='lat' dir='ltr'><strong>recessit</strong></span> <span class='ocrx_word' id='word_1_62' title='bbox 637 1312 726 1344; x_wconf 83' lang='lat' dir='ltr'><strong>ante</strong></span> <span class='ocrx_word' id='word_1_63' title='bbox 751 1308 1102 1345; x_wconf 74' lang='lat' dir='ltr'><strong>determinationem</strong></span> 
     </span>
    </p>
   </div>
   <div class='ocr_carea' id='block_1_5' title="bbox 577 1506 1332 1562">
    <p class='ocr_par' dir='ltr' id='par_1_7' title="bbox 577 1506 1332 1562">
     <span class='ocr_line' id='line_1_18' title="bbox 577 1506 1332 1562; baseline -0.003 -13"><span class='ocrx_word' id='word_1_64' title='bbox 577 1506 769 1549; x_wconf 79' lang='lat' dir='ltr'>Admissi</span> <span class='ocrx_word' id='word_1_65' title='bbox 802 1506 846 1548; x_wconf 90' lang='lat' dir='ltr'><strong>in</strong></span> <span class='ocrx_word' id='word_1_66' title='bbox 877 1520 1042 1548; x_wconf 82' lang='lat' dir='ltr'><strong>annum</strong></span> <span class='ocrx_word' id='word_1_67' title='bbox 1075 1511 1332 1562; x_wconf 79' lang='lat' dir='ltr'><strong>sequentem</strong></span> 
     </span>
    </p>
   </div>
   <div class='ocr_carea' id='block_1_6' title="bbox 368 1604 1524 1942">
    <p class='ocr_par' dir='ltr' id='par_1_8' title="bbox 368 1604 1476 1654">
     <span class='ocr_line' id='line_1_19' title="bbox 368 1604 1476 1654; baseline -0.003 -12"><span class='ocrx_word' id='word_1_68' title='bbox 368 1605 520 1654; x_wconf 82' lang='lat' dir='ltr'><strong>Gybbes</strong></span> <span class='ocrx_word' id='word_1_69' title='bbox 822 1604 978 1652; x_wconf 85' lang='lat' dir='ltr'><strong>Kyrbye</strong></span> <span class='ocrx_word' id='word_1_70' title='bbox 1326 1604 1476 1640; x_wconf 82' lang='lat' dir='ltr'><strong>Smarte</strong></span> 
     </span>
    </p>

    <p class='ocr_par' dir='ltr' id='par_1_9' title="bbox 369 1663 1524 1701">
     <span class='ocr_line' id='line_1_20' title="bbox 369 1663 1524 1701; baseline -0.003 0"><span class='ocrx_word' id='word_1_71' title='bbox 369 1665 501 1701; x_wconf 85' lang='lat' dir='ltr'><strong>Breme</strong></span> <span class='ocrx_word' id='word_1_72' title='bbox 822 1663 949 1699; x_wconf 89' lang='lat' dir='ltr'><strong>Rooke</strong></span> <span class='ocrx_word' id='word_1_73' title='bbox 1326 1663 1524 1699; x_wconf 86' lang='lat' dir='ltr'><strong>Acworthe</strong></span> 
     </span>
    </p>

    <p class='ocr_par' dir='ltr' id='par_1_10' title="bbox 371 1722 1476 1942">
     <span class='ocr_line' id='line_1_21' title="bbox 371 1722 1476 1769; baseline -0.002 -9"><span class='ocrx_word' id='word_1_74' title='bbox 371 1723 583 1760; x_wconf 79' lang='lat' dir='ltr'><strong>Hanforthe</strong></span> <span class='ocrx_word' id='word_1_75' title='bbox 822 1723 960 1759; x_wconf 88' lang='lat' dir='ltr'><strong>Welles</strong></span> <span class='ocrx_word' id='word_1_76' title='bbox 1325 1722 1476 1769; x_wconf 85' lang='lat' dir='ltr'><strong>Lorkyn</strong></span> 
     </span>
     <span class='ocr_line' id='line_1_22' title="bbox 838 1885 1072 1942; baseline -0.009 -12"><span class='ocrx_word' id='word_1_77' title='bbox 838 1885 1072 1942; x_wconf 84' lang='lat' dir='ltr'><strong>Chirurgia</strong></span> 
     </span>
    </p>
   </div>
   <div class='ocr_carea' id='block_1_7' title="bbox 182 1988 1732 2321">
    <p class='ocr_par' dir='ltr' id='par_1_11' title="bbox 182 1988 1732 2202">
     <span class='ocr_line' id='line_1_23' title="bbox 182 1988 1731 2036; baseline -0.002 -9"><span class='ocrx_word' id='word_1_78' title='bbox 182 1991 280 2027; x_wconf 80' lang='lat' dir='ltr'><strong>Item</strong></span> <span class='ocrx_word' id='word_1_79' title='bbox 305 1989 522 2026; x_wconf 73' lang='lat' dir='ltr'><strong>conceditur</strong></span> <span class='ocrx_word' id='word_1_80' title='bbox 545 1989 656 2025; x_wconf 81' lang='lat' dir='ltr'><strong>Joaui</strong></span> <span class='ocrx_word' id='word_1_81' title='bbox 681 1989 843 2025; x_wconf 82' lang='lat' dir='ltr'><strong>Stuarde</strong></span> <span class='ocrx_word' id='word_1_82' title='bbox 866 1992 908 2025; x_wconf 82' lang='lat' dir='ltr'><strong>vt</strong></span> <span class='ocrx_word' id='word_1_83' title='bbox 932 1988 1102 2025; x_wconf 89' lang='lat' dir='ltr'><strong>studium</strong></span> <span class='ocrx_word' id='word_1_84' title='bbox 1125 1992 1165 2024; x_wconf 88' lang='lat' dir='ltr'><strong>et</strong></span> <span class='ocrx_word' id='word_1_85' title='bbox 1188 1989 1353 2035; x_wconf 78' lang='lat' dir='ltr'><strong>practica</strong></span> <span class='ocrx_word' id='word_1_86' title='bbox 1377 1993 1523 2036; x_wconf 80' lang='lat' dir='ltr'><strong>septem</strong></span> <span class='ocrx_word' id='word_1_87' title='bbox 1547 2001 1731 2025; x_wconf 78' lang='lat' dir='ltr'><strong>annorum</strong></span> 
     </span>
     <span class='ocr_line' id='line_1_24' title="bbox 276 2045 1732 2095; baseline -0.002 -11"><span class='ocrx_word' id='word_1_88' title='bbox 276 2049 314 2084; x_wconf 91' lang='lat' dir='ltr'><strong>in</strong></span> <span class='ocrx_word' id='word_1_89' title='bbox 347 2047 534 2095; x_wconf 83' lang='lat' dir='ltr'><strong>chirurgia</strong></span> <span class='ocrx_word' id='word_1_90' title='bbox 566 2047 636 2083; x_wconf 80' lang='lat' dir='ltr'><strong>hac</strong></span> <span class='ocrx_word' id='word_1_91' title='bbox 664 2047 703 2085; x_wconf 86' lang='lat' dir='ltr'><strong>in</strong></span> <span class='ocrx_word' id='word_1_92' title='bbox 731 2047 978 2083; x_wconf 84' lang='lat' dir='ltr'><strong>vniuersitate</strong></span> <span class='ocrx_word' id='word_1_93' title='bbox 1003 2051 1043 2082; x_wconf 87' lang='lat' dir='ltr'><strong>et</strong></span> <span class='ocrx_word' id='word_1_94' title='bbox 1069 2045 1224 2082; x_wconf 81' lang='lat' dir='ltr'><strong>Oxoniis</strong></span> <span class='ocrx_word' id='word_1_95' title='bbox 1250 2057 1324 2082; x_wconf 77' lang='lat' dir='ltr'><strong>vna</strong></span> <span class='ocrx_word' id='word_1_96' title='bbox 1351 2057 1438 2082; x_wconf 89' lang='lat' dir='ltr'><strong>cum</strong></span> <span class='ocrx_word' id='word_1_97' title='bbox 1463 2046 1665 2082; x_wconf 76' lang='lat' dir='ltr'><strong>anatomiis</strong></span> <span class='ocrx_word' id='word_1_98' title='bbox 1693 2049 1732 2081; x_wconf 89' lang='lat' dir='ltr'><strong>et</strong></span> 
     </span>
     <span class='ocr_line' id='line_1_25' title="bbox 275 2104 1731 2152; baseline -0.001 -10"><span class='ocrx_word' id='word_1_99' title='bbox 275 2105 534 2143; x_wconf 77' lang='lat' dir='ltr'><strong>euraoionibus</strong></span> <span class='ocrx_word' id='word_1_100' title='bbox 550 2117 617 2152; x_wconf 89' lang='lat' dir='ltr'><strong>per</strong></span> <span class='ocrx_word' id='word_1_101' title='bbox 633 2106 733 2151; x_wconf 79' lang='lat' dir='ltr'><strong>regia</strong></span> <span class='ocrx_word' id='word_1_102' title='bbox 749 2108 896 2141; x_wconf 81' lang='lat' dir='ltr'><strong>statuta</strong></span> <span class='ocrx_word' id='word_1_103' title='bbox 913 2105 1106 2152; x_wconf 77' lang='lat' dir='ltr'><strong>requisitis</strong></span> <span class='ocrx_word' id='word_1_104' title='bbox 1122 2104 1311 2140; x_wconf 84' lang='lat' dir='ltr'><strong>sufficiant</strong></span> <span class='ocrx_word' id='word_1_105' title='bbox 1326 2105 1360 2140; x_wconf 87' lang='lat' dir='ltr'><strong>ei</strong></span> <span class='ocrx_word' id='word_1_106' title='bbox 1383 2104 1430 2140; x_wconf 83' lang='lat' dir='ltr'><strong>ad</strong></span> <span class='ocrx_word' id='word_1_107' title='bbox 1449 2105 1731 2151; x_wconf 76' lang='lat' dir='ltr'><strong>practieandum</strong></span> 
     </span>
     <span class='ocr_line' id='line_1_26' title="bbox 275 2165 656 2202; baseline -0.005 0"><span class='ocrx_word' id='word_1_108' title='bbox 275 2167 314 2202; x_wconf 93' lang='lat' dir='ltr'><strong>in</strong></span> <span class='ocrx_word' id='word_1_109' title='bbox 331 2165 460 2202; x_wconf 81' lang='lat' dir='ltr'><strong>eadem</strong></span> <span class='ocrx_word' id='word_1_110' title='bbox 477 2165 656 2201; x_wconf 72' lang='lat' dir='ltr'><strong>facultate</strong></span> 
     </span>
    </p>

    <p class='ocr_par' dir='ltr' id='par_1_12' title="bbox 183 2223 1732 2321">
     <span class='ocr_line' id='line_1_27' title="bbox 183 2223 1732 2273; baseline -0.003 -11"><span class='ocrx_word' id='word_1_111' title='bbox 183 2227 281 2262; x_wconf 89' lang='lat' dir='ltr'><strong>Item</strong></span> <span class='ocrx_word' id='word_1_112' title='bbox 298 2225 514 2262; x_wconf 81' lang='lat' dir='ltr'><strong>conceditur</strong></span> <span class='ocrx_word' id='word_1_113' title='bbox 529 2225 650 2262; x_wconf 86' lang='lat' dir='ltr'><strong>eidem</strong></span> <span class='ocrx_word' id='word_1_114' title='bbox 668 2228 710 2260; x_wconf 83' lang='lat' dir='ltr'><strong>vt</strong></span> <span class='ocrx_word' id='word_1_115' title='bbox 726 2224 865 2273; x_wconf 76' lang='lat' dir='ltr'><strong>habeat</strong></span> <span class='ocrx_word' id='word_1_116' title='bbox 882 2224 1011 2260; x_wconf 81' lang='lat' dir='ltr'><strong>literas</strong></span> <span class='ocrx_word' id='word_1_117' title='bbox 1029 2224 1154 2271; x_wconf 80' lang='lat' dir='ltr'><strong>praxis</strong></span> <span class='ocrx_word' id='word_1_118' title='bbox 1171 2235 1237 2259; x_wconf 88' lang='lat' dir='ltr'><strong>sue</strong></span> <span class='ocrx_word' id='word_1_119' title='bbox 1260 2223 1442 2270; x_wconf 78' lang='lat' dir='ltr'><strong>sigillatas</strong></span> <span class='ocrx_word' id='word_1_120' title='bbox 1464 2223 1585 2269; x_wconf 85' lang='lat' dir='ltr'><strong>sigillo</strong></span> <span class='ocrx_word' id='word_1_121' title='bbox 1608 2227 1732 2259; x_wconf 87' lang='lat' dir='ltr'><strong>vestro</strong></span> 
     </span>
     <span class='ocr_line' id='line_1_28' title="bbox 274 2296 465 2321; baseline -0.005 0"><span class='ocrx_word' id='word_1_122' title='bbox 274 2296 465 2321; x_wconf 89' lang='lat' dir='ltr'><strong>commum</strong></span> 
     </span>
    </p>
   </div>
   <div class='ocr_carea' id='block_1_8' title="bbox 754 2395 1900 2454">
    <p class='ocr_par' dir='ltr' id='par_1_13' title="bbox 754 2395 1900 2454">
     <span class='ocr_line' id='line_1_29' title="bbox 754 2395 1900 2454; baseline 0.002 -15"><span class='ocrx_word' id='word_1_123' title='bbox 754 2396 929 2439; x_wconf 88' lang='lat' dir='ltr'><strong>Artium</strong></span> <span class='ocrx_word' id='word_1_124' title='bbox 962 2395 1160 2454; x_wconf 79' lang='lat' dir='ltr'><strong>magistri</strong></span> <span class='ocrx_word' id='word_1_125' title='bbox 1751 2407 1778 2447; x_wconf 76' lang='lat' dir='ltr'><strong>f,</strong></span> <span class='ocrx_word' id='word_1_126' title='bbox 1804 2407 1853 2446; x_wconf 85' lang='lat'><strong>29</strong></span> <span class='ocrx_word' id='word_1_127' title='bbox 1874 2407 1900 2444; x_wconf 88' lang='lat' dir='ltr'>b</span> 
     </span>
    </p>
   </div>
   <div class='ocr_carea' id='block_1_9' title="bbox 180 2510 1732 2797">
    <p class='ocr_par' dir='ltr' id='par_1_14' title="bbox 182 2510 1732 2737">
     <span class='ocr_line' id='line_1_30' title="bbox 182 2510 1732 2563; baseline -0.004 -11"><span class='ocrx_word' id='word_1_128' title='bbox 182 2516 228 2552; x_wconf 92' lang='lat' dir='ltr'><strong>In</strong></span> <span class='ocrx_word' id='word_1_129' title='bbox 245 2515 378 2563; x_wconf 87' lang='lat' dir='ltr'><strong>primis</strong></span> <span class='ocrx_word' id='word_1_130' title='bbox 393 2513 610 2550; x_wconf 78' lang='lat' dir='ltr'><strong>conceditur</strong></span> <span class='ocrx_word' id='word_1_131' title='bbox 625 2512 778 2548; x_wconf 90' lang='lat' dir='ltr'><strong>domino</strong></span> <span class='ocrx_word' id='word_1_132' title='bbox 796 2511 902 2548; x_wconf 87' lang='lat' dir='ltr'><strong>Rich.</strong></span> <span class='ocrx_word' id='word_1_133' title='bbox 923 2511 1080 2558; x_wconf 88' lang='lat' dir='ltr'><strong>Kechyn</strong></span> <span class='ocrx_word' id='word_1_134' title='bbox 1098 2514 1140 2547; x_wconf 89' lang='lat' dir='ltr'><strong>vt</strong></span> <span class='ocrx_word' id='word_1_135' title='bbox 1163 2513 1186 2547; x_wconf 85' lang='grc'><strong>9</strong></span> <span class='ocrx_word' id='word_1_136' title='bbox 1203 2510 1355 2547; x_wconf 89' lang='lat' dir='ltr'><strong>termini</strong></span> <span class='ocrx_word' id='word_1_137' title='bbox 1378 2513 1464 2558; x_wconf 85' lang='lat' dir='ltr'><strong>post</strong></span> <span class='ocrx_word' id='word_1_138' title='bbox 1486 2510 1636 2546; x_wconf 79' lang='lat' dir='ltr'><strong>finalem</strong></span> <span class='ocrx_word' id='word_1_139' title='bbox 1652 2511 1732 2546; x_wconf 89' lang='lat' dir='ltr'><strong>eius</strong></span> 
     </span>
     <span class='ocr_line' id='line_1_31' title="bbox 275 2570 1731 2619; baseline -0.003 -8"><span class='ocrx_word' id='word_1_140' title='bbox 275 2573 625 2611; x_wconf 84' lang='lat' dir='ltr'><strong>determinationem</strong></span> <span class='ocrx_word' id='word_1_141' title='bbox 659 2572 698 2608; x_wconf 88' lang='lat' dir='ltr'><strong>in</strong></span> <span class='ocrx_word' id='word_1_142' title='bbox 731 2571 870 2619; x_wconf 89' lang='lat' dir='ltr'><strong>quibus</strong></span> <span class='ocrx_word' id='word_1_143' title='bbox 903 2571 1080 2607; x_wconf 83' lang='lat' dir='ltr'><strong>lectiones</strong></span> <span class='ocrx_word' id='word_1_144' title='bbox 1117 2570 1324 2607; x_wconf 81' lang='lat' dir='ltr'><strong>ordinarias</strong></span> <span class='ocrx_word' id='word_1_145' title='bbox 1355 2570 1505 2607; x_wconf 85' lang='lat' dir='ltr'><strong>audiuit</strong></span> <span class='ocrx_word' id='word_1_146' title='bbox 1536 2570 1624 2606; x_wconf 87' lang='lat' dir='ltr'><strong>licet</strong></span> <span class='ocrx_word' id='word_1_147' title='bbox 1657 2582 1731 2606; x_wconf 90' lang='lat' dir='ltr'><strong>non</strong></span> 
     </span>
     <span class='ocr_line' id='line_1_32' title="bbox 275 2629 1732 2678; baseline -0.003 -9"><span class='ocrx_word' id='word_1_148' title='bbox 275 2633 428 2670; x_wconf 90' lang='lat' dir='ltr'><strong>omnino</strong></span> <span class='ocrx_word' id='word_1_149' title='bbox 444 2631 650 2668; x_wconf 88' lang='lat' dir='ltr'><strong>secundum</strong></span> <span class='ocrx_word' id='word_1_150' title='bbox 667 2631 827 2667; x_wconf 79' lang='lat' dir='ltr'><strong>formam</strong></span> <span class='ocrx_word' id='word_1_151' title='bbox 849 2631 986 2667; x_wconf 77' lang='lat' dir='ltr'><strong>statuti</strong></span> <span class='ocrx_word' id='word_1_152' title='bbox 1003 2642 1090 2666; x_wconf 86' lang='lat' dir='ltr'><strong>cum</strong></span> <span class='ocrx_word' id='word_1_153' title='bbox 1108 2629 1407 2678; x_wconf 85' lang='lat' dir='ltr'><strong>oppositionibus</strong></span> <span class='ocrx_word' id='word_1_154' title='bbox 1429 2629 1732 2677; x_wconf 69' lang='lat' dir='ltr'><strong>responsionibus</strong></span> 
     </span>
     <span class='ocr_line' id='line_1_33' title="bbox 273 2689 1685 2737; baseline -0.003 -9"><span class='ocrx_word' id='word_1_155' title='bbox 273 2697 314 2728; x_wconf 90' lang='lat' dir='ltr'><strong>et</strong></span> <span class='ocrx_word' id='word_1_156' title='bbox 328 2690 665 2728; x_wconf 75' lang='lat' dir='ltr'><strong>declamationibus</strong></span> <span class='ocrx_word' id='word_1_157' title='bbox 682 2690 874 2737; x_wconf 84' lang='lat' dir='ltr'><strong>requisitis</strong></span> <span class='ocrx_word' id='word_1_158' title='bbox 890 2690 1080 2726; x_wconf 83' lang='lat' dir='ltr'><strong>sufficiant</strong></span> <span class='ocrx_word' id='word_1_159' title='bbox 1096 2691 1129 2726; x_wconf 86' lang='lat' dir='ltr'><strong>ei</strong></span> <span class='ocrx_word' id='word_1_160' title='bbox 1147 2689 1194 2726; x_wconf 75' lang='lat' dir='ltr'><strong>ad</strong></span> <span class='ocrx_word' id='word_1_161' title='bbox 1211 2689 1465 2737; x_wconf 89' lang='lat' dir='ltr'><strong>incipiendum</strong></span> <span class='ocrx_word' id='word_1_162' title='bbox 1483 2690 1522 2726; x_wconf 78' lang='lat' dir='ltr'><strong>in·</strong></span> <span class='ocrx_word' id='word_1_163' title='bbox 1539 2690 1685 2725; x_wconf 81' lang='lat' dir='ltr'><strong>artibus</strong></span> 
     </span>
    </p>

    <p class='ocr_par' dir='ltr' id='par_1_15' title="bbox 180 2748 1445 2797">
     <span class='ocr_line' id='line_1_34' title="bbox 180 2748 1445 2797; baseline -0.004 -9"><span class='ocrx_word' id='word_1_164' title='bbox 180 2751 321 2788; x_wconf 81' lang='lat' dir='ltr'><strong>Eadem</strong></span> <span class='ocrx_word' id='word_1_165' title='bbox 337 2749 458 2797; x_wconf 80' lang='lat' dir='ltr'><strong>gratia</strong></span> <span class='ocrx_word' id='word_1_166' title='bbox 473 2749 520 2786; x_wconf 85' lang='lat' dir='ltr'><strong>de</strong></span> <span class='ocrx_word' id='word_1_167' title='bbox 537 2748 649 2786; x_wconf 87' lang='lat' dir='ltr'><strong>verbo</strong></span> <span class='ocrx_word' id='word_1_168' title='bbox 666 2749 706 2785; x_wconf 91' lang='lat' dir='ltr'><strong>in</strong></span> <span class='ocrx_word' id='word_1_169' title='bbox 723 2748 879 2785; x_wconf 87' lang='lat' dir='ltr'><strong>verbum</strong></span> <span class='ocrx_word' id='word_1_170' title='bbox 896 2749 1114 2784; x_wconf 86' lang='lat' dir='ltr'><strong>conceditur</strong></span> <span class='ocrx_word' id='word_1_171' title='bbox 1129 2748 1282 2784; x_wconf 89' lang='lat' dir='ltr'><strong>domino</strong></span> <span class='ocrx_word' id='word_1_172' title='bbox 1300 2748 1445 2796; x_wconf 82' lang='lat' dir='ltr'><strong>Byrche</strong></span> 
     </span>
    </p>
   </div>
   <div class='ocr_carea' id='block_1_10' title="bbox 277 2852 1625 2894">
    <p class='ocr_par' dir='ltr' id='par_1_16' title="bbox 277 2852 1625 2894">
     <span class='ocr_line' id='line_1_35' title="bbox 277 2852 1625 2894; baseline -0.001 -7"><span class='ocrx_word' id='word_1_173' title='bbox 277 2855 288 2875; x_wconf 86' lang='lat'>¹</span> <span class='ocrx_word' id='word_1_174' title='bbox 313 2854 400 2887; x_wconf 80' lang='lat' dir='ltr'><strong>This</strong></span> <span class='ocrx_word' id='word_1_175' title='bbox 416 2855 477 2887; x_wconf 83' lang='lat' dir='ltr'><strong>list</strong></span> <span class='ocrx_word' id='word_1_176' title='bbox 494 2854 525 2886; x_wconf 87' lang='lat' dir='ltr'><strong>is</strong></span> <span class='ocrx_word' id='word_1_177' title='bbox 542 2854 680 2886; x_wconf 85' lang='lat' dir='ltr'><strong>written</strong></span> <span class='ocrx_word' id='word_1_178' title='bbox 697 2853 734 2886; x_wconf 91' lang='lat' dir='ltr'><strong>in</strong></span> <span class='ocrx_word' id='word_1_179' title='bbox 752 2863 818 2886; x_wconf 87' lang='lat' dir='ltr'><strong>one</strong></span> <span class='ocrx_word' id='word_1_180' title='bbox 833 2852 976 2886; x_wconf 88' lang='lat' dir='ltr'><strong>column</strong></span> <span class='ocrx_word' id='word_1_181' title='bbox 993 2853 1097 2893; x_wconf 73' lang='lat' dir='ltr'><strong>along</strong></span> <span class='ocrx_word' id='word_1_182' title='bbox 1114 2853 1173 2886; x_wconf 85' lang='lat' dir='ltr'><strong>the</strong></span> <span class='ocrx_word' id='word_1_183' title='bbox 1190 2853 1324 2886; x_wconf 86' lang='lat' dir='ltr'><strong>bottom</strong></span> <span class='ocrx_word' id='word_1_184' title='bbox 1340 2853 1424 2894; x_wconf 79' lang='lat' dir='ltr'><strong>edge</strong></span> <span class='ocrx_word' id='word_1_185' title='bbox 1439 2853 1477 2885; x_wconf 72' lang='lat' dir='ltr'><strong>ot</strong></span> <span class='ocrx_word' id='word_1_186' title='bbox 1492 2854 1514 2886; x_wconf 77' lang='lat' dir='ltr'><strong>f.</strong></span> <span class='ocrx_word' id='word_1_187' title='bbox 1535 2854 1578 2886; x_wconf 86' lang='lat'><strong>28</strong></span> <span class='ocrx_word' id='word_1_188' title='bbox 1596 2853 1625 2886; x_wconf 89' lang='lat' dir='ltr'><strong>b.</strong></span> 
     </span>
    </p>
   </div>
  </div>
 </body>
</html>
