<?xml version="1.0" encoding="UTF-8"?>
<!DOCTYPE html PUBLIC "-//W3C//DTD XHTML 1.0 Transitional//EN"
    "http://www.w3.org/TR/xhtml1/DTD/xhtml1-transitional.dtd">
<html xmlns="http://www.w3.org/1999/xhtml" xml:lang="en" lang="en">
 <head>
  <title>
</title>
<meta http-equiv="Content-Type" content="text/html;charset=utf-8" />
  <meta name='ocr-system' content='tesseract 3.04.00' />
  <meta name='ocr-capabilities' content='ocr_page ocr_carea ocr_par ocr_line ocrx_word'/>
</head>
<body>
  <div class='ocr_page' id='page_1' title='image "./gracebookdeltaco00univuoft_0203.png"; bbox 0 0 2008 3216; ppageno 0'>
   <div class='ocr_carea' id='block_1_1' title="bbox 174 143 1721 199">
    <p class='ocr_par' dir='ltr' id='par_1_1' title="bbox 174 143 1721 199">
     <span class='ocr_line' id='line_1_1' title="bbox 174 143 1721 199; baseline 0.001 -15"><span class='ocrx_word' id='word_1_1' title='bbox 174 143 397 199; x_wconf 83' lang='lat'><strong>1562-63]</strong></span> <span class='ocrx_word' id='word_1_2' title='bbox 751 154 902 187; x_wconf 66' lang='lat' dir='ltr'><strong>emon</strong></span> <span class='ocrx_word' id='word_1_3' title='bbox 933 154 1057 186; x_wconf 72' lang='lat' dir='ltr'><strong>Boot&lt;</strong></span> <span class='ocrx_word' id='word_1_4' title='bbox 1087 154 1118 185; x_wconf 83' lang='grc' dir='ltr'><strong>Δ</strong></span> <span class='ocrx_word' id='word_1_5' title='bbox 1636 143 1721 185; x_wconf 90' lang='grc'><strong>169</strong></span> 
     </span>
    </p>
   </div>
   <div class='ocr_carea' id='block_1_2' title="bbox 170 254 1725 1012">
    <p class='ocr_par' dir='ltr' id='par_1_2' title="bbox 173 254 1723 423">
     <span class='ocr_line' id='line_1_2' title="bbox 173 254 1723 305; baseline -0.001 -13"><span class='ocrx_word' id='word_1_6' title='bbox 173 255 399 293; x_wconf 86' lang='lat' dir='ltr'><strong>Conceditur</strong></span> <span class='ocrx_word' id='word_1_7' title='bbox 414 257 450 305; x_wconf 88' lang='lat' dir='ltr'><strong>xj</strong></span> <span class='ocrx_word' id='word_1_8' title='bbox 470 257 687 294; x_wconf 80' lang='lat' dir='ltr'>Decembris</span> <span class='ocrx_word' id='word_1_9' title='bbox 702 259 742 293; x_wconf 90' lang='lat' dir='ltr'><strong>vt</strong></span> <span class='ocrx_word' id='word_1_10' title='bbox 755 257 940 293; x_wconf 88' lang='lat' dir='ltr'><strong>terminus</strong></span> <span class='ocrx_word' id='word_1_11' title='bbox 953 257 1132 292; x_wconf 90' lang='lat' dir='ltr'><strong>hodierno</strong></span> <span class='ocrx_word' id='word_1_12' title='bbox 1144 256 1205 292; x_wconf 92' lang='lat' dir='ltr'><strong>die</strong></span> <span class='ocrx_word' id='word_1_13' title='bbox 1218 255 1447 292; x_wconf 87' lang='lat' dir='ltr'><strong>dissolvatur</strong></span> <span class='ocrx_word' id='word_1_14' title='bbox 1459 266 1534 290; x_wconf 91' lang='lat' dir='ltr'><strong>non</strong></span> <span class='ocrx_word' id='word_1_15' title='bbox 1548 254 1723 291; x_wconf 87' lang='lat' dir='ltr'><strong>obstante</strong></span> 
     </span>
     <span class='ocr_line' id='line_1_3' title="bbox 266 313 1723 362; baseline -0.002 -10"><span class='ocrx_word' id='word_1_16' title='bbox 266 318 414 352; x_wconf 85' lang='lat' dir='ltr'><strong>statuto</strong></span> <span class='ocrx_word' id='word_1_17' title='bbox 430 316 486 353; x_wconf 87' lang='lat' dir='ltr'><strong>ita</strong></span> <span class='ocrx_word' id='word_1_18' title='bbox 501 319 630 354; x_wconf 88' lang='lat' dir='ltr'><strong>tamen</strong></span> <span class='ocrx_word' id='word_1_19' title='bbox 647 320 689 353; x_wconf 88' lang='lat' dir='ltr'><strong>vt</strong></span> <span class='ocrx_word' id='word_1_20' title='bbox 705 317 786 354; x_wconf 90' lang='lat' dir='ltr'><strong>dies</strong></span> <span class='ocrx_word' id='word_1_21' title='bbox 804 317 909 353; x_wconf 91' lang='lat' dir='ltr'><strong>Lune</strong></span> <span class='ocrx_word' id='word_1_22' title='bbox 924 318 964 352; x_wconf 87' lang='lat' dir='ltr'><strong>et</strong></span> <span class='ocrx_word' id='word_1_23' title='bbox 982 316 1118 352; x_wconf 88' lang='lat' dir='ltr'><strong>Martis</strong></span> <span class='ocrx_word' id='word_1_24' title='bbox 1134 315 1295 362; x_wconf 85' lang='lat' dir='ltr'>proximi</span> <span class='ocrx_word' id='word_1_25' title='bbox 1312 317 1538 350; x_wconf 77' lang='lat' dir='ltr'><strong>censeantur</strong></span> <span class='ocrx_word' id='word_1_26' title='bbox 1557 325 1625 361; x_wconf 92' lang='lat' dir='ltr'><strong>pro</strong></span> <span class='ocrx_word' id='word_1_27' title='bbox 1647 313 1723 350; x_wconf 89' lang='lat' dir='ltr'><strong>dis-</strong></span> 
     </span>
     <span class='ocr_line' id='line_1_4' title="bbox 265 373 1535 423; baseline -0.002 -12"><span class='ocrx_word' id='word_1_28' title='bbox 265 375 500 422; x_wconf 86' lang='lat' dir='ltr'><strong>putabilibus</strong></span> <span class='ocrx_word' id='word_1_29' title='bbox 516 379 598 413; x_wconf 89' lang='lat' dir='ltr'><strong>tam</strong></span> <span class='ocrx_word' id='word_1_30' title='bbox 614 376 662 413; x_wconf 81' lang='lat' dir='ltr'><strong>ad</strong></span> <span class='ocrx_word' id='word_1_31' title='bbox 679 377 880 423; x_wconf 88' lang='lat' dir='ltr'><strong>magistros</strong></span> <span class='ocrx_word' id='word_1_32' title='bbox 897 375 1156 423; x_wconf 71' lang='lat' dir='ltr'><strong>disputaturos</strong></span> <span class='ocrx_word' id='word_1_33' title='bbox 1172 386 1285 422; x_wconf 87' lang='lat' dir='ltr'><strong>quam</strong></span> <span class='ocrx_word' id='word_1_34' title='bbox 1305 373 1353 410; x_wconf 89' lang='lat' dir='ltr'><strong>ad</strong></span> <span class='ocrx_word' id='word_1_35' title='bbox 1371 373 1535 410; x_wconf 79' lang='lat' dir='ltr'>bedellos</span> 
     </span>
    </p>

    <p class='ocr_par' dir='ltr' id='par_1_3' title="bbox 172 432 1725 776">
     <span class='ocr_line' id='line_1_5' title="bbox 172 432 1724 482; baseline 0 -14"><span class='ocrx_word' id='word_1_36' title='bbox 172 432 211 468; x_wconf 92' lang='lat' dir='ltr'><strong>It</strong></span> <span class='ocrx_word' id='word_1_37' title='bbox 234 445 308 470; x_wconf 90' lang='lat' dir='ltr'><strong>was</strong></span> <span class='ocrx_word' id='word_1_38' title='bbox 328 435 511 480; x_wconf 75' lang='lat' dir='ltr'><strong>graunted</strong></span> <span class='ocrx_word' id='word_1_39' title='bbox 534 435 600 471; x_wconf 88' lang='lat' dir='ltr'><strong>the</strong></span> <span class='ocrx_word' id='word_1_40' title='bbox 622 434 694 482; x_wconf 85' lang='lat' dir='ltr'><strong>xxij</strong></span> <span class='ocrx_word' id='word_1_41' title='bbox 722 435 763 471; x_wconf 88' lang='lat' dir='ltr'><strong>of</strong></span> <span class='ocrx_word' id='word_1_42' title='bbox 783 435 868 471; x_wconf 91' lang='lat' dir='ltr'><strong>Dec.</strong></span> <span class='ocrx_word' id='word_1_43' title='bbox 888 434 975 470; x_wconf 90' lang='lat' dir='ltr'><strong>that</strong></span> <span class='ocrx_word' id='word_1_44' title='bbox 992 434 1048 470; x_wconf 68' lang='grc' dir='ltr'><strong>Μ’</strong></span> <span class='ocrx_word' id='word_1_45' title='bbox 1064 434 1194 470; x_wconf 90' lang='lat' dir='ltr'><strong>doctor</strong></span> <span class='ocrx_word' id='word_1_46' title='bbox 1210 433 1334 469; x_wconf 83' lang='lat' dir='ltr'><strong>Baker</strong></span> <span class='ocrx_word' id='word_1_47' title='bbox 1350 432 1504 468; x_wconf 85' lang='lat' dir='ltr'><strong>Walker</strong></span> <span class='ocrx_word' id='word_1_48' title='bbox 1521 432 1666 468; x_wconf 86' lang='lat' dir='ltr'><strong>Fourth</strong></span> <span class='ocrx_word' id='word_1_49' title='bbox 1684 435 1724 468; x_wconf 91' lang='lat' dir='ltr'><strong>et</strong></span> 
     </span>
     <span class='ocr_line' id='line_1_6' title="bbox 267 492 1725 541; baseline 0 -13"><span class='ocrx_word' id='word_1_50' title='bbox 267 492 436 529; x_wconf 84' lang='lat' dir='ltr'><strong>Hatcher</strong></span> <span class='ocrx_word' id='word_1_51' title='bbox 453 494 508 529; x_wconf 90' lang='lat' dir='ltr'><strong>Mr</strong></span> <span class='ocrx_word' id='word_1_52' title='bbox 526 494 657 541; x_wconf 88' lang='lat' dir='ltr'><strong>Lakyn</strong></span> <span class='ocrx_word' id='word_1_53' title='bbox 674 495 749 530; x_wconf 86' lang='lat' dir='ltr'><strong>and</strong></span> <span class='ocrx_word' id='word_1_54' title='bbox 766 494 916 541; x_wconf 86' lang='lat' dir='ltr'><strong>Worley</strong></span> <span class='ocrx_word' id='word_1_55' title='bbox 933 493 1068 530; x_wconf 88' lang='lat' dir='ltr'><strong>should</strong></span> <span class='ocrx_word' id='word_1_56' title='bbox 1086 493 1132 530; x_wconf 92' lang='lat' dir='ltr'><strong>be</strong></span> <span class='ocrx_word' id='word_1_57' title='bbox 1149 493 1280 540; x_wconf 87' lang='lat' dir='ltr'><strong>iudges</strong></span> <span class='ocrx_word' id='word_1_58' title='bbox 1296 493 1458 539; x_wconf 88' lang='lat' dir='ltr'><strong>deligate</strong></span> <span class='ocrx_word' id='word_1_59' title='bbox 1475 493 1515 528; x_wconf 91' lang='lat' dir='ltr'><strong>in</strong></span> <span class='ocrx_word' id='word_1_60' title='bbox 1532 492 1598 528; x_wconf 88' lang='lat' dir='ltr'><strong>the</strong></span> <span class='ocrx_word' id='word_1_61' title='bbox 1614 503 1725 528; x_wconf 86' lang='lat' dir='ltr'><strong>cause</strong></span> 
     </span>
     <span class='ocr_line' id='line_1_7' title="bbox 266 550 1725 600; baseline 0 -13"><span class='ocrx_word' id='word_1_62' title='bbox 266 551 308 588; x_wconf 85' lang='lat' dir='ltr'><strong>of</strong></span> <span class='ocrx_word' id='word_1_63' title='bbox 327 552 555 599; x_wconf 90' lang='lat' dir='ltr'><strong>appellation</strong></span> <span class='ocrx_word' id='word_1_64' title='bbox 579 553 802 600; x_wconf 89' lang='lat' dir='ltr'><strong>dependyng</strong></span> <span class='ocrx_word' id='word_1_65' title='bbox 826 553 993 589; x_wconf 89' lang='lat' dir='ltr'><strong>betwene</strong></span> <span class='ocrx_word' id='word_1_66' title='bbox 1021 554 1077 589; x_wconf 77' lang='lat' dir='ltr'><strong>Mr</strong></span> <span class='ocrx_word' id='word_1_67' title='bbox 1101 553 1224 600; x_wconf 87' lang='lat' dir='ltr'><strong>Ledys</strong></span> <span class='ocrx_word' id='word_1_68' title='bbox 1247 553 1322 589; x_wconf 88' lang='lat' dir='ltr'><strong>and</strong></span> <span class='ocrx_word' id='word_1_69' title='bbox 1346 553 1439 589; x_wconf 89' lang='lat' dir='ltr'><strong>Tho.</strong></span> <span class='ocrx_word' id='word_1_70' title='bbox 1462 550 1660 599; x_wconf 83' lang='lat' dir='ltr'><strong>Harryson</strong></span> <span class='ocrx_word' id='word_1_71' title='bbox 1682 563 1725 587; x_wconf 92' lang='lat' dir='ltr'><strong>so</strong></span> 
     </span>
     <span class='ocr_line' id='line_1_8' title="bbox 266 610 1723 659; baseline 0 -13"><span class='ocrx_word' id='word_1_72' title='bbox 266 610 352 646; x_wconf 87' lang='lat' dir='ltr'><strong>that</strong></span> <span class='ocrx_word' id='word_1_73' title='bbox 368 610 408 657; x_wconf 69' lang='lat' dir='ltr'><strong>yt</strong></span> <span class='ocrx_word' id='word_1_74' title='bbox 425 623 512 658; x_wconf 87' lang='lat' dir='ltr'><strong>may</strong></span> <span class='ocrx_word' id='word_1_75' title='bbox 529 611 575 647; x_wconf 92' lang='lat' dir='ltr'><strong>be</strong></span> <span class='ocrx_word' id='word_1_76' title='bbox 592 611 642 659; x_wconf 87' lang='lat' dir='ltr'><strong>by</strong></span> <span class='ocrx_word' id='word_1_77' title='bbox 659 618 723 659; x_wconf 76' lang='lat'><strong>50¹·</strong></span> <span class='ocrx_word' id='word_1_78' title='bbox 738 611 930 648; x_wconf 86' lang='lat' dir='ltr'><strong>authorite</strong></span> <span class='ocrx_word' id='word_1_79' title='bbox 947 611 1106 659; x_wconf 86' lang='lat' dir='ltr'><strong>ratyfied</strong></span> <span class='ocrx_word' id='word_1_80' title='bbox 1123 612 1210 648; x_wconf 87' lang='lat' dir='ltr'><strong>that</strong></span> <span class='ocrx_word' id='word_1_81' title='bbox 1226 611 1292 647; x_wconf 89' lang='lat' dir='ltr'><strong>tho</strong></span> <span class='ocrx_word' id='word_1_82' title='bbox 1309 614 1410 647; x_wconf 89' lang='lat' dir='ltr'><strong>most</strong></span> <span class='ocrx_word' id='word_1_83' title='bbox 1425 615 1534 658; x_wconf 86' lang='lat' dir='ltr'><strong>parte</strong></span> <span class='ocrx_word' id='word_1_84' title='bbox 1550 611 1592 647; x_wconf 84' lang='lat' dir='ltr'><strong>of</strong></span> <span class='ocrx_word' id='word_1_85' title='bbox 1604 610 1723 646; x_wconf 89' lang='lat' dir='ltr'><strong>theim</strong></span> 
     </span>
     <span class='ocr_line' id='line_1_9' title="bbox 267 669 1723 718; baseline 0.001 -12"><span class='ocrx_word' id='word_1_86' title='bbox 267 669 363 706; x_wconf 83' lang='lat' dir='ltr'><strong>shall</strong></span> <span class='ocrx_word' id='word_1_87' title='bbox 389 670 608 718; x_wconf 85' lang='lat' dir='ltr'><strong>determyne</strong></span> <span class='ocrx_word' id='word_1_88' title='bbox 628 671 702 707; x_wconf 91' lang='lat' dir='ltr'><strong>and</strong></span> <span class='ocrx_word' id='word_1_89' title='bbox 726 671 749 707; x_wconf 89' lang='lat' dir='ltr'><strong>J</strong></span> <span class='ocrx_word' id='word_1_90' title='bbox 752 671 848 718; x_wconf 87' lang='lat' dir='ltr'><strong>udge</strong></span> <span class='ocrx_word' id='word_1_91' title='bbox 865 670 991 707; x_wconf 83' lang='lat' dir='ltr'>before</span> <span class='ocrx_word' id='word_1_92' title='bbox 1012 678 1053 718; x_wconf 77' lang='lat' dir='ltr'><strong>y⁰</strong></span> <span class='ocrx_word' id='word_1_93' title='bbox 1077 672 1194 708; x_wconf 80' lang='lat' dir='ltr'><strong>feaste</strong></span> <span class='ocrx_word' id='word_1_94' title='bbox 1216 671 1258 707; x_wconf 86' lang='lat' dir='ltr'><strong>of</strong></span> <span class='ocrx_word' id='word_1_95' title='bbox 1276 670 1509 707; x_wconf 88' lang='lat' dir='ltr'><strong>Christemas</strong></span> <span class='ocrx_word' id='word_1_96' title='bbox 1535 674 1646 708; x_wconf 85' lang='lat' dir='ltr'><strong>nexte</strong></span> <span class='ocrx_word' id='word_1_97' title='bbox 1669 672 1723 708; x_wconf 89' lang='lat' dir='ltr'><strong>in·</strong></span> 
     </span>
     <span class='ocr_line' id='line_1_10' title="bbox 266 740 409 776; baseline 0.014 -12"><span class='ocrx_word' id='word_1_98' title='bbox 266 740 409 776; x_wconf 87' lang='lat' dir='ltr'><strong>suynge</strong></span> 
     </span>
    </p>

    <p class='ocr_par' dir='ltr' id='par_1_4' title="bbox 170 787 1723 894">
     <span class='ocr_line' id='line_1_11' title="bbox 170 787 1723 836; baseline 0.002 -13"><span class='ocrx_word' id='word_1_99' title='bbox 170 787 397 824; x_wconf 72' lang='lat' dir='ltr'><strong>Conceditur</strong></span> <span class='ocrx_word' id='word_1_100' title='bbox 418 789 504 824; x_wconf 85' lang='lat' dir='ltr'>xxix</span> <span class='ocrx_word' id='word_1_101' title='bbox 525 788 550 824; x_wconf 87' lang='lat' dir='ltr'><strong>J</strong></span> <span class='ocrx_word' id='word_1_102' title='bbox 553 789 699 824; x_wconf 86' lang='lat' dir='ltr'><strong>anuarii</strong></span> <span class='ocrx_word' id='word_1_103' title='bbox 723 791 764 824; x_wconf 87' lang='lat' dir='ltr'><strong>vt</strong></span> <span class='ocrx_word' id='word_1_104' title='bbox 788 789 1077 826; x_wconf 86' lang='lat' dir='ltr'><strong>determinaturi</strong></span> <span class='ocrx_word' id='word_1_105' title='bbox 1107 790 1256 836; x_wconf 77' lang='lat' dir='ltr'><strong>possint</strong></span> <span class='ocrx_word' id='word_1_106' title='bbox 1282 789 1507 836; x_wconf 87' lang='lat' dir='ltr'><strong>respondere</strong></span> <span class='ocrx_word' id='word_1_107' title='bbox 1533 789 1723 836; x_wconf 89' lang='lat' dir='ltr'><strong>questioni</strong></span> 
     </span>
     <span class='ocr_line' id='line_1_12' title="bbox 264 847 1381 894; baseline 0.002 -12"><span class='ocrx_word' id='word_1_108' title='bbox 264 849 350 893; x_wconf 88' lang='lat' dir='ltr'><strong>post</strong></span> <span class='ocrx_word' id='word_1_109' title='bbox 366 847 667 894; x_wconf 89' lang='lat' dir='ltr'><strong>purificationem</strong></span> <span class='ocrx_word' id='word_1_110' title='bbox 685 847 794 884; x_wconf 84' lang='lat' dir='ltr'><strong>beate</strong></span> <span class='ocrx_word' id='word_1_111' title='bbox 813 848 931 884; x_wconf 88' lang='lat' dir='ltr'><strong>Marie</strong></span> <span class='ocrx_word' id='word_1_112' title='bbox 949 860 1023 884; x_wconf 90' lang='lat' dir='ltr'><strong>non</strong></span> <span class='ocrx_word' id='word_1_113' title='bbox 1041 848 1216 884; x_wconf 88' lang='lat' dir='ltr'><strong>obstante</strong></span> <span class='ocrx_word' id='word_1_114' title='bbox 1233 850 1381 884; x_wconf 87' lang='lat' dir='ltr'><strong>statuto</strong></span> 
     </span>
    </p>

    <p class='ocr_par' dir='ltr' id='par_1_5' title="bbox 171 903 1724 1012">
     <span class='ocr_line' id='line_1_13' title="bbox 171 903 1724 953; baseline 0.002 -13"><span class='ocrx_word' id='word_1_115' title='bbox 171 903 397 941; x_wconf 74' lang='lat' dir='ltr'><strong>Conceditur</strong></span> <span class='ocrx_word' id='word_1_116' title='bbox 414 917 437 942; x_wconf 89' lang='lat' dir='ltr'>v</span> <span class='ocrx_word' id='word_1_117' title='bbox 454 905 648 942; x_wconf 82' lang='lat' dir='ltr'><strong>Februarii</strong></span> <span class='ocrx_word' id='word_1_118' title='bbox 666 910 708 942; x_wconf 87' lang='lat' dir='ltr'><strong>vt</strong></span> <span class='ocrx_word' id='word_1_119' title='bbox 724 907 894 953; x_wconf 83' lang='lat' dir='ltr'><strong>magistri</strong></span> <span class='ocrx_word' id='word_1_120' title='bbox 914 907 1032 953; x_wconf 89' lang='lat' dir='ltr'><strong>Legge</strong></span> <span class='ocrx_word' id='word_1_121' title='bbox 1048 910 1087 942; x_wconf 89' lang='lat' dir='ltr'><strong>et</strong></span> <span class='ocrx_word' id='word_1_122' title='bbox 1100 906 1238 943; x_wconf 90' lang='lat' dir='ltr'><strong>Welles</strong></span> <span class='ocrx_word' id='word_1_123' title='bbox 1254 907 1333 942; x_wconf 87' lang='lat' dir='ltr'><strong>sint</strong></span> <span class='ocrx_word' id='word_1_124' title='bbox 1350 909 1475 942; x_wconf 87' lang='lat' dir='ltr'><strong>vestra</strong></span> <span class='ocrx_word' id='word_1_125' title='bbox 1491 907 1724 943; x_wconf 85' lang='lat' dir='ltr'><strong>authoritate</strong></span> 
     </span>
     <span class='ocr_line' id='line_1_14' title="bbox 263 964 1185 1012; baseline 0.002 -13"><span class='ocrx_word' id='word_1_126' title='bbox 263 964 538 1000; x_wconf 82' lang='lat' dir='ltr'><strong>examinatores</strong></span> <span class='ocrx_word' id='word_1_127' title='bbox 555 964 894 1011; x_wconf 85' lang='lat' dir='ltr'><strong>questionistarum</strong></span> <span class='ocrx_word' id='word_1_128' title='bbox 913 977 980 1012; x_wconf 94' lang='lat' dir='ltr'><strong>pro</strong></span> <span class='ocrx_word' id='word_1_129' title='bbox 998 965 1068 1002; x_wconf 92' lang='lat' dir='ltr'><strong>hoc</strong></span> <span class='ocrx_word' id='word_1_130' title='bbox 1084 977 1185 1001; x_wconf 90' lang='lat' dir='ltr'><strong>anno</strong></span> 
     </span>
    </p>
   </div>
   <div class='ocr_carea' id='block_1_3' title="bbox 172 1019 1724 1123">
    <p class='ocr_par' dir='ltr' id='par_1_6' title="bbox 172 1019 1724 1123">
     <span class='ocr_line' id='line_1_15' title="bbox 172 1019 1723 1069; baseline 0.002 -14"><span class='ocrx_word' id='word_1_131' title='bbox 172 1019 399 1056; x_wconf 84' lang='lat' dir='ltr'><strong>Conceditur</strong></span> <span class='ocrx_word' id='word_1_132' title='bbox 432 1023 478 1056; x_wconf 89' lang='grc'><strong>29</strong></span> <span class='ocrx_word' id='word_1_133' title='bbox 507 1020 679 1056; x_wconf 81' lang='lat' dir='ltr'><strong>Januarii</strong></span> <span class='ocrx_word' id='word_1_134' title='bbox 713 1023 756 1056; x_wconf 89' lang='lat' dir='ltr'><strong>vt</strong></span> <span class='ocrx_word' id='word_1_135' title='bbox 788 1021 980 1067; x_wconf 84' lang='lat' dir='ltr'><strong>responsio</strong></span> <span class='ocrx_word' id='word_1_136' title='bbox 1013 1020 1061 1057; x_wconf 90' lang='lat' dir='ltr'><strong>ad</strong></span> <span class='ocrx_word' id='word_1_137' title='bbox 1094 1033 1209 1068; x_wconf 89' lang='lat' dir='ltr'><strong>quam</strong></span> <span class='ocrx_word' id='word_1_138' title='bbox 1240 1026 1392 1058; x_wconf 88' lang='lat' dir='ltr'><strong>tenetur</strong></span> <span class='ocrx_word' id='word_1_139' title='bbox 1424 1022 1604 1069; x_wconf 86' lang='lat' dir='ltr'><strong>magister</strong></span> <span class='ocrx_word' id='word_1_140' title='bbox 1642 1021 1723 1058; x_wconf 92' lang='lat' dir='ltr'><strong>Bell</strong></span> 
     </span>
     <span class='ocr_line' id='line_1_16' title="bbox 264 1075 1724 1123; baseline 0.002 -12"><span class='ocrx_word' id='word_1_141' title='bbox 264 1075 410 1111; x_wconf 86' lang='lat' dir='ltr'><strong>ratione</strong></span> <span class='ocrx_word' id='word_1_142' title='bbox 427 1075 566 1122; x_wconf 85' lang='lat' dir='ltr'><strong>gradus</strong></span> <span class='ocrx_word' id='word_1_143' title='bbox 582 1076 640 1111; x_wconf 89' lang='lat' dir='ltr'><strong>sui</strong></span> <span class='ocrx_word' id='word_1_144' title='bbox 664 1077 828 1123; x_wconf 84' lang='lat' dir='ltr'><strong>suscepti</strong></span> <span class='ocrx_word' id='word_1_145' title='bbox 847 1077 922 1112; x_wconf 89' lang='lat' dir='ltr'><strong>iam</strong></span> <span class='ocrx_word' id='word_1_146' title='bbox 939 1077 988 1113; x_wconf 80' lang='lat' dir='ltr'><strong>ad</strong></span> <span class='ocrx_word' id='word_1_147' title='bbox 1005 1078 1310 1114; x_wconf 83' lang='lat' dir='ltr'><strong>convocationem</strong></span> <span class='ocrx_word' id='word_1_148' title='bbox 1332 1079 1550 1115; x_wconf 91' lang='lat' dir='ltr'><strong>clericorum</strong></span> <span class='ocrx_word' id='word_1_149' title='bbox 1569 1082 1724 1114; x_wconf 88' lang='lat' dir='ltr'><strong>vocatus</strong></span> 
     </span>
    </p>
   </div>
   <div class='ocr_carea' id='block_1_4' title="bbox 168 1134 1876 2891">
    <p class='ocr_par' dir='ltr' id='par_1_7' title="bbox 263 1134 1723 1301">
     <span class='ocr_line' id='line_1_17' title="bbox 265 1134 1723 1185; baseline 0.001 -15"><span class='ocrx_word' id='word_1_150' title='bbox 265 1134 385 1181; x_wconf 87' lang='lat' dir='ltr'><strong>possit</strong></span> <span class='ocrx_word' id='word_1_151' title='bbox 401 1134 542 1171; x_wconf 81' lang='lat' dir='ltr'><strong>differri</strong></span> <span class='ocrx_word' id='word_1_152' title='bbox 559 1146 677 1182; x_wconf 82' lang='lat' dir='ltr'><strong>vsque</strong></span> <span class='ocrx_word' id='word_1_153' title='bbox 698 1135 746 1172; x_wconf 89' lang='lat' dir='ltr'><strong>ad</strong></span> <span class='ocrx_word' id='word_1_154' title='bbox 766 1135 906 1171; x_wconf 87' lang='lat' dir='ltr'><strong>festum</strong></span> <span class='ocrx_word' id='word_1_155' title='bbox 923 1136 1045 1172; x_wconf 87' lang='lat' dir='ltr'><strong>sancti</strong></span> <span class='ocrx_word' id='word_1_156' title='bbox 1062 1136 1085 1172; x_wconf 90' lang='lat' dir='ltr'><strong>J</strong></span> <span class='ocrx_word' id='word_1_157' title='bbox 1088 1136 1249 1172; x_wconf 89' lang='lat' dir='ltr'><strong>ohannis</strong></span> <span class='ocrx_word' id='word_1_158' title='bbox 1267 1137 1441 1185; x_wconf 60' lang='lat' dir='ltr'><strong>Baptista}</strong></span> <span class='ocrx_word' id='word_1_159' title='bbox 1458 1138 1539 1173; x_wconf 89' lang='lat' dir='ltr'><strong>sine</strong></span> <span class='ocrx_word' id='word_1_160' title='bbox 1557 1137 1723 1173; x_wconf 85' lang='lat' dir='ltr'><strong>vlteriori</strong></span> 
     </span>
     <span class='ocr_line' id='line_1_18' title="bbox 263 1193 1722 1244; baseline 0.002 -15"><span class='ocrx_word' id='word_1_161' title='bbox 263 1193 444 1230; x_wconf 85' lang='lat' dir='ltr'><strong>dilatione</strong></span> <span class='ocrx_word' id='word_1_162' title='bbox 469 1193 540 1230; x_wconf 92' lang='lat' dir='ltr'><strong>sub</strong></span> <span class='ocrx_word' id='word_1_163' title='bbox 560 1205 657 1240; x_wconf 88' lang='lat' dir='ltr'><strong>pena</strong></span> <span class='ocrx_word' id='word_1_164' title='bbox 673 1194 860 1230; x_wconf 86' lang='lat' dir='ltr'><strong>cautionis</strong></span> <span class='ocrx_word' id='word_1_165' title='bbox 877 1194 1069 1231; x_wconf 89' lang='lat' dir='ltr'><strong>nominate</strong></span> <span class='ocrx_word' id='word_1_166' title='bbox 1086 1195 1126 1231; x_wconf 87' lang='lat' dir='ltr'><strong>in</strong></span> <span class='ocrx_word' id='word_1_167' title='bbox 1143 1195 1266 1242; x_wconf 91' lang='lat' dir='ltr'><strong>priore</strong></span> <span class='ocrx_word' id='word_1_168' title='bbox 1288 1196 1410 1242; x_wconf 89' lang='lat' dir='ltr'><strong>gratia</strong></span> <span class='ocrx_word' id='word_1_169' title='bbox 1427 1195 1478 1244; x_wconf 89' lang='lat' dir='ltr'><strong>[p.</strong></span> <span class='ocrx_word' id='word_1_170' title='bbox 1501 1195 1584 1244; x_wconf 84' lang='lat'>149]</span> <span class='ocrx_word' id='word_1_171' title='bbox 1603 1195 1722 1242; x_wconf 81' lang='lat' dir='ltr'><strong>(foris-</strong></span> 
     </span>
     <span class='ocr_line' id='line_1_19' title="bbox 265 1253 502 1301; baseline 0.004 -13"><span class='ocrx_word' id='word_1_172' title='bbox 265 1253 354 1289; x_wconf 87' lang='lat' dir='ltr'><strong>fecit</strong></span> <span class='ocrx_word' id='word_1_173' title='bbox 370 1254 502 1301; x_wconf 74' lang='lat' dir='ltr'><strong>mary.)</strong></span> 
     </span>
    </p>

    <p class='ocr_par' dir='ltr' id='par_1_8' title="bbox 171 1311 1876 1535">
     <span class='ocr_line' id='line_1_20' title="bbox 171 1311 1876 1361; baseline 0.002 -14"><span class='ocrx_word' id='word_1_174' title='bbox 171 1311 397 1348; x_wconf 87' lang='lat' dir='ltr'><strong>Conceditur</strong></span> <span class='ocrx_word' id='word_1_175' title='bbox 414 1313 460 1348; x_wconf 85' lang='lat'><strong>29</strong></span> <span class='ocrx_word' id='word_1_176' title='bbox 476 1311 648 1348; x_wconf 87' lang='lat' dir='ltr'><strong>Januarii</strong></span> <span class='ocrx_word' id='word_1_177' title='bbox 666 1315 708 1348; x_wconf 91' lang='lat' dir='ltr'><strong>vt</strong></span> <span class='ocrx_word' id='word_1_178' title='bbox 725 1312 911 1359; x_wconf 86' lang='lat' dir='ltr'><strong>incepturi</strong></span> <span class='ocrx_word' id='word_1_179' title='bbox 930 1313 969 1348; x_wconf 94' lang='lat' dir='ltr'><strong>in</strong></span> <span class='ocrx_word' id='word_1_180' title='bbox 987 1312 1134 1349; x_wconf 85' lang='lat' dir='ltr'><strong>artibus</strong></span> <span class='ocrx_word' id='word_1_181' title='bbox 1149 1313 1289 1360; x_wconf 89' lang='lat' dir='ltr'><strong>quibus</strong></span> <span class='ocrx_word' id='word_1_182' title='bbox 1305 1313 1444 1350; x_wconf 86' lang='lat' dir='ltr'><strong>desunt</strong></span> <span class='ocrx_word' id='word_1_183' title='bbox 1461 1314 1722 1361; x_wconf 85' lang='lat' dir='ltr'><strong>responsiones</strong></span> <span class='ocrx_word' id='word_1_184' title='bbox 1740 1311 1765 1350; x_wconf 83' lang='lat' dir='ltr'><strong>f.</strong></span> <span class='ocrx_word' id='word_1_185' title='bbox 1790 1311 1840 1350; x_wconf 83' lang='lat'><strong>72</strong></span> <span class='ocrx_word' id='word_1_186' title='bbox 1853 1324 1876 1349; x_wconf 86' lang='lat' dir='ltr'><strong>a</strong></span> 
     </span>
     <span class='ocr_line' id='line_1_21' title="bbox 263 1369 1721 1419; baseline 0.001 -13"><span class='ocrx_word' id='word_1_187' title='bbox 263 1369 312 1407; x_wconf 87' lang='lat' dir='ltr'><strong>ad</strong></span> <span class='ocrx_word' id='word_1_188' title='bbox 333 1370 490 1417; x_wconf 86' lang='lat' dir='ltr'><strong>gradum</strong></span> <span class='ocrx_word' id='word_1_189' title='bbox 516 1370 797 1418; x_wconf 86' lang='lat' dir='ltr'><strong>suscipiendum</strong></span> <span class='ocrx_word' id='word_1_190' title='bbox 822 1371 1002 1418; x_wconf 87' lang='lat' dir='ltr'><strong>requisite</strong></span> <span class='ocrx_word' id='word_1_191' title='bbox 1028 1372 1175 1418; x_wconf 83' lang='lat' dir='ltr'><strong>possint</strong></span> <span class='ocrx_word' id='word_1_192' title='bbox 1200 1371 1424 1419; x_wconf 86' lang='lat' dir='ltr'><strong>respondere</strong></span> <span class='ocrx_word' id='word_1_193' title='bbox 1449 1373 1641 1419; x_wconf 86' lang='lat' dir='ltr'><strong>magistris</strong></span> <span class='ocrx_word' id='word_1_194' title='bbox 1667 1384 1721 1408; x_wconf 92' lang='lat' dir='ltr'><strong>re-</strong></span> 
     </span>
     <span class='ocr_line' id='line_1_22' title="bbox 262 1428 1721 1478; baseline 0.002 -14"><span class='ocrx_word' id='word_1_195' title='bbox 262 1428 437 1475; x_wconf 89' lang='lat' dir='ltr'><strong>gentibus</strong></span> <span class='ocrx_word' id='word_1_196' title='bbox 453 1428 586 1465; x_wconf 90' lang='lat' dir='ltr'><strong>diebus</strong></span> <span class='ocrx_word' id='word_1_197' title='bbox 603 1441 678 1464; x_wconf 92' lang='lat' dir='ltr'><strong>non</strong></span> <span class='ocrx_word' id='word_1_198' title='bbox 692 1428 986 1476; x_wconf 87' lang='lat' dir='ltr'><strong>disputabilibus</strong></span> <span class='ocrx_word' id='word_1_199' title='bbox 996 1432 1086 1465; x_wconf 88' lang='lat' dir='ltr'><strong>ante</strong></span> <span class='ocrx_word' id='word_1_200' title='bbox 1098 1430 1252 1466; x_wconf 88' lang='lat' dir='ltr'><strong>comitia</strong></span> <span class='ocrx_word' id='word_1_201' title='bbox 1264 1431 1434 1477; x_wconf 88' lang='lat' dir='ltr'><strong>proxima</strong></span> <span class='ocrx_word' id='word_1_202' title='bbox 1446 1431 1478 1466; x_wconf 88' lang='lat' dir='ltr'><strong>si</strong></span> <span class='ocrx_word' id='word_1_203' title='bbox 1493 1443 1588 1478; x_wconf 89' lang='lat' dir='ltr'><strong>opus</strong></span> <span class='ocrx_word' id='word_1_204' title='bbox 1606 1431 1721 1468; x_wconf 82' lang='lat' dir='ltr'><strong>fuerit</strong></span> 
     </span>
     <span class='ocr_line' id='line_1_23' title="bbox 265 1488 1167 1535; baseline 0 -11"><span class='ocrx_word' id='word_1_205' title='bbox 265 1488 313 1525; x_wconf 90' lang='lat' dir='ltr'><strong>ad</strong></span> <span class='ocrx_word' id='word_1_206' title='bbox 330 1488 623 1535; x_wconf 89' lang='lat' dir='ltr'><strong>assignationem</strong></span> <span class='ocrx_word' id='word_1_207' title='bbox 639 1488 782 1524; x_wconf 91' lang='lat' dir='ltr'><strong>domini</strong></span> <span class='ocrx_word' id='word_1_208' title='bbox 800 1489 1078 1535; x_wconf 88' lang='lat' dir='ltr'><strong>procancellarii</strong></span> <span class='ocrx_word' id='word_1_209' title='bbox 1163 1526 1167 1531; x_wconf 72' lang='grc'>,</span> 
     </span>
    </p>

    <p class='ocr_par' dir='ltr' id='par_1_9' title="bbox 172 1546 1719 1710">
     <span class='ocr_line' id='line_1_24' title="bbox 172 1546 1719 1598; baseline 0.002 -15"><span class='ocrx_word' id='word_1_210' title='bbox 172 1547 399 1584; x_wconf 89' lang='lat' dir='ltr'><strong>Conceditur</strong></span> <span class='ocrx_word' id='word_1_211' title='bbox 422 1546 552 1583; x_wconf 91' lang='lat' dir='ltr'><strong>eodem</strong></span> <span class='ocrx_word' id='word_1_212' title='bbox 577 1550 620 1582; x_wconf 91' lang='lat' dir='ltr'><strong>vt</strong></span> <span class='ocrx_word' id='word_1_213' title='bbox 644 1547 823 1593; x_wconf 88' lang='lat' dir='ltr'><strong>magister</strong></span> <span class='ocrx_word' id='word_1_214' title='bbox 846 1547 978 1583; x_wconf 86' lang='lat' dir='ltr'><strong>doctor</strong></span> <span class='ocrx_word' id='word_1_215' title='bbox 1004 1548 1121 1595; x_wconf 87' lang='lat' dir='ltr'><strong>Porye</strong></span> <span class='ocrx_word' id='word_1_216' title='bbox 1144 1549 1313 1595; x_wconf 84' lang='lat' dir='ltr'><strong>magistri</strong></span> <span class='ocrx_word' id='word_1_217' title='bbox 1337 1549 1490 1586; x_wconf 88' lang='lat' dir='ltr'><strong>Walker</strong></span> <span class='ocrx_word' id='word_1_218' title='bbox 1510 1550 1659 1598; x_wconf 86' lang='lat' dir='ltr'><strong>Worley</strong></span> <span class='ocrx_word' id='word_1_219' title='bbox 1679 1554 1719 1586; x_wconf 92' lang='lat' dir='ltr'><strong>et</strong></span> 
     </span>
     <span class='ocr_line' id='line_1_25' title="bbox 266 1603 1719 1652; baseline 0.001 -12"><span class='ocrx_word' id='word_1_220' title='bbox 266 1604 385 1651; x_wconf 85' lang='lat' dir='ltr'><strong>Legge</strong></span> <span class='ocrx_word' id='word_1_221' title='bbox 417 1605 564 1652; x_wconf 88' lang='lat' dir='ltr'><strong>possint</strong></span> <span class='ocrx_word' id='word_1_222' title='bbox 595 1604 770 1651; x_wconf 87' lang='lat' dir='ltr'><strong>supplere</strong></span> <span class='ocrx_word' id='word_1_223' title='bbox 799 1604 898 1640; x_wconf 84' lang='lat' dir='ltr'><strong>vices</strong></span> <span class='ocrx_word' id='word_1_224' title='bbox 923 1603 1120 1640; x_wconf 84' lang='lat' dir='ltr'><strong>doctorum</strong></span> <span class='ocrx_word' id='word_1_225' title='bbox 1147 1605 1265 1641; x_wconf 89' lang='lat' dir='ltr'><strong>Perne</strong></span> <span class='ocrx_word' id='word_1_226' title='bbox 1290 1605 1415 1642; x_wconf 86' lang='lat' dir='ltr'><strong>Furde</strong></span> <span class='ocrx_word' id='word_1_227' title='bbox 1439 1610 1479 1642; x_wconf 88' lang='lat' dir='ltr'><strong>et</strong></span> <span class='ocrx_word' id='word_1_228' title='bbox 1503 1606 1657 1642; x_wconf 90' lang='lat' dir='ltr'><strong>Walker</strong></span> <span class='ocrx_word' id='word_1_229' title='bbox 1679 1608 1719 1643; x_wconf 91' lang='lat' dir='ltr'><strong>et</strong></span> 
     </span>
     <span class='ocr_line' id='line_1_26' title="bbox 263 1663 1370 1710; baseline 0.001 -11"><span class='ocrx_word' id='word_1_230' title='bbox 263 1663 434 1710; x_wconf 84' lang='lat' dir='ltr'><strong>magistri</strong></span> <span class='ocrx_word' id='word_1_231' title='bbox 451 1663 623 1699; x_wconf 89' lang='lat' dir='ltr'><strong>Abithell</strong></span> <span class='ocrx_word' id='word_1_232' title='bbox 639 1663 854 1699; x_wconf 88' lang='lat' dir='ltr'><strong>absentium</strong></span> <span class='ocrx_word' id='word_1_233' title='bbox 873 1663 912 1699; x_wconf 91' lang='lat' dir='ltr'><strong>in</strong></span> <span class='ocrx_word' id='word_1_234' title='bbox 931 1663 1000 1699; x_wconf 87' lang='lat' dir='ltr'><strong>hoc</strong></span> <span class='ocrx_word' id='word_1_235' title='bbox 1018 1676 1201 1700; x_wconf 84' lang='lat' dir='ltr'><strong>concursu</strong></span> <span class='ocrx_word' id='word_1_236' title='bbox 1217 1667 1370 1700; x_wconf 89' lang='lat' dir='ltr'><strong>tantum</strong></span> 
     </span>
    </p>

    <p class='ocr_par' dir='ltr' id='par_1_10' title="bbox 172 1720 1720 1887">
     <span class='ocr_line' id='line_1_27' title="bbox 172 1720 1718 1770; baseline 0.001 -12"><span class='ocrx_word' id='word_1_237' title='bbox 172 1720 399 1758; x_wconf 88' lang='lat' dir='ltr'><strong>Conceditur</strong></span> <span class='ocrx_word' id='word_1_238' title='bbox 414 1722 467 1758; x_wconf 64' lang='lat' dir='ltr'><strong>vw</strong></span> <span class='ocrx_word' id='word_1_239' title='bbox 478 1721 671 1758; x_wconf 88' lang='lat' dir='ltr'><strong>Februarii</strong></span> <span class='ocrx_word' id='word_1_240' title='bbox 690 1722 869 1769; x_wconf 83' lang='lat' dir='ltr'><strong>magistro</strong></span> <span class='ocrx_word' id='word_1_241' title='bbox 887 1722 979 1758; x_wconf 82' lang='lat' dir='ltr'><strong>Rad.</strong></span> <span class='ocrx_word' id='word_1_242' title='bbox 999 1722 1167 1758; x_wconf 89' lang='lat' dir='ltr'><strong>Cowlton</strong></span> <span class='ocrx_word' id='word_1_243' title='bbox 1184 1726 1227 1758; x_wconf 88' lang='lat' dir='ltr'><strong>vt</strong></span> <span class='ocrx_word' id='word_1_244' title='bbox 1243 1723 1295 1758; x_wconf 89' lang='lat' dir='ltr'><strong>sit</strong></span> <span class='ocrx_word' id='word_1_245' title='bbox 1313 1735 1408 1759; x_wconf 88' lang='lat' dir='ltr'><strong>vnus</strong></span> <span class='ocrx_word' id='word_1_246' title='bbox 1424 1734 1469 1759; x_wconf 90' lang='lat' dir='ltr'><strong>ex</strong></span> <span class='ocrx_word' id='word_1_247' title='bbox 1480 1723 1718 1770; x_wconf 85' lang='lat' dir='ltr'><strong>predicatori-</strong></span> 
     </span>
     <span class='ocr_line' id='line_1_28' title="bbox 267 1772 1720 1828; baseline 0.001 -12"><span class='ocrx_word' id='word_1_248' title='bbox 267 1781 336 1816; x_wconf 91' lang='lat' dir='ltr'><strong>bus</strong></span> <span class='ocrx_word' id='word_1_249' title='bbox 348 1781 418 1816; x_wconf 91' lang='lat' dir='ltr'><strong>hoc</strong></span> <span class='ocrx_word' id='word_1_250' title='bbox 431 1792 530 1816; x_wconf 84' lang='lat' dir='ltr'><strong>anno</strong></span> <span class='ocrx_word' id='word_1_251' title='bbox 540 1792 606 1828; x_wconf 91' lang='lat' dir='ltr'><strong>per</strong></span> <span class='ocrx_word' id='word_1_252' title='bbox 616 1780 847 1817; x_wconf 89' lang='lat' dir='ltr'><strong>academiam</strong></span> <span class='ocrx_word' id='word_1_253' title='bbox 857 1772 1077 1817; x_wconf 81' lang='lat' dir='ltr'><strong>emittendis</strong></span> <span class='ocrx_word' id='word_1_254' title='bbox 1089 1783 1129 1817; x_wconf 93' lang='lat' dir='ltr'><strong>et</strong></span> <span class='ocrx_word' id='word_1_255' title='bbox 1141 1793 1253 1828; x_wconf 90' lang='lat' dir='ltr'><strong>super</strong></span> <span class='ocrx_word' id='word_1_256' title='bbox 1263 1781 1333 1817; x_wconf 86' lang='lat' dir='ltr'><strong>hac</strong></span> <span class='ocrx_word' id='word_1_257' title='bbox 1347 1784 1473 1818; x_wconf 86' lang='lat' dir='ltr'><strong>vestra</strong></span> <span class='ocrx_word' id='word_1_258' title='bbox 1483 1783 1720 1819; x_wconf 86' lang='lat' dir='ltr'><strong>concessione</strong></span> 
     </span>
     <span class='ocr_line' id='line_1_29' title="bbox 265 1839 1270 1887; baseline 0.001 -11"><span class='ocrx_word' id='word_1_259' title='bbox 265 1840 394 1876; x_wconf 84' lang='lat' dir='ltr'><strong>literas</strong></span> <span class='ocrx_word' id='word_1_260' title='bbox 410 1839 548 1876; x_wconf 86' lang='lat' dir='ltr'><strong>habeat</strong></span> <span class='ocrx_word' id='word_1_261' title='bbox 565 1840 686 1886; x_wconf 89' lang='lat' dir='ltr'><strong>sigillo</strong></span> <span class='ocrx_word' id='word_1_262' title='bbox 703 1844 828 1876; x_wconf 89' lang='lat' dir='ltr'><strong>vestro</strong></span> <span class='ocrx_word' id='word_1_263' title='bbox 845 1841 1035 1876; x_wconf 89' lang='lat' dir='ltr'><strong>communi</strong></span> <span class='ocrx_word' id='word_1_264' title='bbox 1053 1840 1270 1887; x_wconf 84' lang='lat' dir='ltr'><strong>obsignatas</strong></span> 
     </span>
    </p>

    <p class='ocr_par' dir='ltr' id='par_1_11' title="bbox 173 1899 1720 2066">
     <span class='ocr_line' id='line_1_30' title="bbox 173 1899 1720 1946; baseline 0.001 -10"><span class='ocrx_word' id='word_1_265' title='bbox 173 1899 314 1936; x_wconf 83' lang='lat' dir='ltr'><strong>Eadem</strong></span> <span class='ocrx_word' id='word_1_266' title='bbox 329 1900 450 1946; x_wconf 85' lang='lat' dir='ltr'><strong>gratia</strong></span> <span class='ocrx_word' id='word_1_267' title='bbox 467 1899 684 1936; x_wconf 86' lang='lat' dir='ltr'><strong>conceditur</strong></span> <span class='ocrx_word' id='word_1_268' title='bbox 699 1900 828 1936; x_wconf 86' lang='lat' dir='ltr'><strong>eodem</strong></span> <span class='ocrx_word' id='word_1_269' title='bbox 847 1900 1026 1946; x_wconf 88' lang='lat' dir='ltr'><strong>magistro</strong></span> <span class='ocrx_word' id='word_1_270' title='bbox 1050 1900 1158 1938; x_wconf 90' lang='lat' dir='ltr'><strong>Edm.</strong></span> <span class='ocrx_word' id='word_1_271' title='bbox 1184 1900 1394 1937; x_wconf 85' lang='lat' dir='ltr'><strong>Sherbroke</strong></span> <span class='ocrx_word' id='word_1_272' title='bbox 1442 1902 1504 1937; x_wconf 85' lang='lat' dir='ltr'><strong>xix</strong></span> <span class='ocrx_word' id='word_1_273' title='bbox 1527 1901 1720 1937; x_wconf 86' lang='lat' dir='ltr'><strong>Februarii</strong></span> 
     </span>
     <span class='ocr_line' id='line_1_31' title="bbox 265 1959 1719 2008; baseline 0.002 -13"><span class='ocrx_word' id='word_1_274' title='bbox 265 1959 444 2006; x_wconf 84' lang='lat' dir='ltr'><strong>magistro</strong></span> <span class='ocrx_word' id='word_1_275' title='bbox 467 1959 558 1995; x_wconf 90' lang='lat' dir='ltr'><strong>Tho.</strong></span> <span class='ocrx_word' id='word_1_276' title='bbox 578 1959 732 1995; x_wconf 91' lang='lat' dir='ltr'><strong>Browne</strong></span> <span class='ocrx_word' id='word_1_277' title='bbox 783 1962 826 1995; x_wconf 85' lang='lat'><strong>14</strong></span> <span class='ocrx_word' id='word_1_278' title='bbox 851 1960 943 1996; x_wconf 81' lang='lat' dir='ltr'><strong>Maii</strong></span> <span class='ocrx_word' id='word_1_279' title='bbox 965 1959 1024 1996; x_wconf 85' lang='lat' dir='ltr'><strong>Jo.</strong></span> <span class='ocrx_word' id='word_1_280' title='bbox 1044 1960 1197 1996; x_wconf 90' lang='lat' dir='ltr'><strong>Walker</strong></span> <span class='ocrx_word' id='word_1_281' title='bbox 1218 1964 1257 1997; x_wconf 89' lang='lat' dir='ltr'><strong>et</strong></span> <span class='ocrx_word' id='word_1_282' title='bbox 1280 1963 1319 1996; x_wconf 76' lang='grc' dir='ltr'><strong>2ο</strong></span> <span class='ocrx_word' id='word_1_283' title='bbox 1340 1961 1434 1997; x_wconf 88' lang='lat' dir='ltr'><strong>Julii</strong></span> <span class='ocrx_word' id='word_1_284' title='bbox 1459 1961 1639 2008; x_wconf 85' lang='lat' dir='ltr'><strong>magistro</strong></span> <span class='ocrx_word' id='word_1_285' title='bbox 1660 1961 1719 1998; x_wconf 87' lang='lat' dir='ltr'><strong>Jo.</strong></span> 
     </span>
     <span class='ocr_line' id='line_1_32' title="bbox 266 2019 421 2066; baseline 0.013 -12"><span class='ocrx_word' id='word_1_286' title='bbox 266 2019 421 2066; x_wconf 87' lang='lat' dir='ltr'><strong>Bridges</strong></span> 
     </span>
    </p>

    <p class='ocr_par' dir='ltr' id='par_1_12' title="bbox 173 2076 1722 2183">
     <span class='ocr_line' id='line_1_33' title="bbox 173 2076 1722 2128; baseline 0.002 -15"><span class='ocrx_word' id='word_1_287' title='bbox 173 2076 399 2114; x_wconf 91' lang='lat' dir='ltr'><strong>Conceditur</strong></span> <span class='ocrx_word' id='word_1_288' title='bbox 415 2079 478 2112; x_wconf 79' lang='grc' dir='ltr'><strong>22ο</strong></span> <span class='ocrx_word' id='word_1_289' title='bbox 494 2077 623 2113; x_wconf 88' lang='lat' dir='ltr'><strong>Martii</strong></span> <span class='ocrx_word' id='word_1_290' title='bbox 648 2080 692 2113; x_wconf 88' lang='lat' dir='ltr'><strong>ut</strong></span> <span class='ocrx_word' id='word_1_291' title='bbox 713 2080 926 2124; x_wconf 88' lang='lat' dir='ltr'><strong>postremus</strong></span> <span class='ocrx_word' id='word_1_292' title='bbox 948 2081 1055 2114; x_wconf 85' lang='lat' dir='ltr'><strong>actus</strong></span> <span class='ocrx_word' id='word_1_293' title='bbox 1078 2078 1287 2115; x_wconf 84' lang='lat' dir='ltr'><strong>celebretur</strong></span> <span class='ocrx_word' id='word_1_294' title='bbox 1309 2079 1370 2116; x_wconf 90' lang='lat' dir='ltr'><strong>die</strong></span> <span class='ocrx_word' id='word_1_295' title='bbox 1393 2079 1529 2116; x_wconf 85' lang='lat' dir='ltr'><strong>Martis</strong></span> <span class='ocrx_word' id='word_1_296' title='bbox 1552 2081 1722 2128; x_wconf 87' lang='lat' dir='ltr'><strong>proximo</strong></span> 
     </span>
     <span class='ocr_line' id='line_1_34' title="bbox 266 2134 1185 2183; baseline 0.002 -12"><span class='ocrx_word' id='word_1_297' title='bbox 266 2135 445 2183; x_wconf 87' lang='lat' dir='ltr'><strong>quoniam</strong></span> <span class='ocrx_word' id='word_1_298' title='bbox 462 2134 542 2171; x_wconf 91' lang='lat' dir='ltr'><strong>dies</strong></span> <span class='ocrx_word' id='word_1_299' title='bbox 559 2135 583 2171; x_wconf 90' lang='lat' dir='ltr'><strong>J</strong></span> <span class='ocrx_word' id='word_1_300' title='bbox 585 2135 666 2171; x_wconf 90' lang='lat' dir='ltr'><strong>ovis</strong></span> <span class='ocrx_word' id='word_1_301' title='bbox 682 2135 778 2172; x_wconf 85' lang='lat' dir='ltr'><strong>festo</strong></span> <span class='ocrx_word' id='word_1_302' title='bbox 795 2135 880 2172; x_wconf 89' lang='lat' dir='ltr'><strong>dive</strong></span> <span class='ocrx_word' id='word_1_303' title='bbox 898 2136 1018 2172; x_wconf 82' lang='lat' dir='ltr'><strong>Marie</strong></span> <span class='ocrx_word' id='word_1_304' title='bbox 1034 2136 1185 2173; x_wconf 89' lang='lat' dir='ltr'><strong>dicatur</strong></span> 
     </span>
    </p>

    <p class='ocr_par' dir='ltr' id='par_1_13' title="bbox 173 2194 1722 2301">
     <span class='ocr_line' id='line_1_35' title="bbox 173 2194 1722 2242; baseline 0.003 -12"><span class='ocrx_word' id='word_1_305' title='bbox 173 2194 399 2231; x_wconf 89' lang='lat' dir='ltr'><strong>Conceditur</strong></span> <span class='ocrx_word' id='word_1_306' title='bbox 422 2194 466 2241; x_wconf 71' lang='lat' dir='ltr'><strong>ijo</strong></span> <span class='ocrx_word' id='word_1_307' title='bbox 490 2194 634 2242; x_wconf 88' lang='lat' dir='ltr'><strong>Aprilis</strong></span> <span class='ocrx_word' id='word_1_308' title='bbox 662 2197 706 2231; x_wconf 91' lang='lat' dir='ltr'><strong>vt</strong></span> <span class='ocrx_word' id='word_1_309' title='bbox 734 2195 913 2242; x_wconf 86' lang='lat' dir='ltr'><strong>magister</strong></span> <span class='ocrx_word' id='word_1_310' title='bbox 941 2195 1150 2233; x_wconf 88' lang='lat' dir='ltr'><strong>Shaklocke</strong></span> <span class='ocrx_word' id='word_1_311' title='bbox 1174 2195 1314 2232; x_wconf 85' lang='lat' dir='ltr'><strong>habeat</strong></span> <span class='ocrx_word' id='word_1_312' title='bbox 1338 2200 1464 2234; x_wconf 88' lang='lat' dir='ltr'><strong>vestra</strong></span> <span class='ocrx_word' id='word_1_313' title='bbox 1488 2197 1722 2235; x_wconf 85' lang='lat' dir='ltr'><strong>authoritate</strong></span> 
     </span>
     <span class='ocr_line' id='line_1_36' title="bbox 264 2252 1431 2301; baseline 0.002 -12"><span class='ocrx_word' id='word_1_314' title='bbox 264 2252 393 2289; x_wconf 85' lang='lat' dir='ltr'><strong>literas</strong></span> <span class='ocrx_word' id='word_1_315' title='bbox 409 2253 704 2290; x_wconf 87' lang='lat' dir='ltr'><strong>conversationis</strong></span> <span class='ocrx_word' id='word_1_316' title='bbox 720 2256 760 2289; x_wconf 90' lang='lat' dir='ltr'><strong>et</strong></span> <span class='ocrx_word' id='word_1_317' title='bbox 775 2253 914 2300; x_wconf 89' lang='lat' dir='ltr'><strong>gradus</strong></span> <span class='ocrx_word' id='word_1_318' title='bbox 930 2254 1053 2300; x_wconf 87' lang='lat' dir='ltr'><strong>sigillo</strong></span> <span class='ocrx_word' id='word_1_319' title='bbox 1070 2258 1196 2291; x_wconf 88' lang='lat' dir='ltr'><strong>vestro</strong></span> <span class='ocrx_word' id='word_1_320' title='bbox 1213 2254 1431 2301; x_wconf 85' lang='lat' dir='ltr'><strong>obsignatas</strong></span> 
     </span>
    </p>

    <p class='ocr_par' dir='ltr' id='par_1_14' title="bbox 172 2311 1721 2467">
     <span class='ocr_line' id='line_1_37' title="bbox 172 2311 1720 2360; baseline 0.002 -12"><span class='ocrx_word' id='word_1_321' title='bbox 172 2311 398 2348; x_wconf 85' lang='lat' dir='ltr'><strong>Conceditur</strong></span> <span class='ocrx_word' id='word_1_322' title='bbox 417 2312 479 2348; x_wconf 83' lang='lat' dir='ltr'><strong>xix</strong></span> <span class='ocrx_word' id='word_1_323' title='bbox 496 2311 689 2348; x_wconf 87' lang='lat' dir='ltr'><strong>Februarii</strong></span> <span class='ocrx_word' id='word_1_324' title='bbox 713 2314 756 2348; x_wconf 92' lang='lat' dir='ltr'><strong>vt</strong></span> <span class='ocrx_word' id='word_1_325' title='bbox 776 2311 858 2348; x_wconf 89' lang='lat' dir='ltr'><strong>dies</strong></span> <span class='ocrx_word' id='word_1_326' title='bbox 875 2312 1051 2348; x_wconf 89' lang='lat' dir='ltr'><strong>Mercurii</strong></span> <span class='ocrx_word' id='word_1_327' title='bbox 1069 2314 1264 2360; x_wconf 87' lang='lat' dir='ltr'><strong>proximus</strong></span> <span class='ocrx_word' id='word_1_328' title='bbox 1281 2313 1424 2350; x_wconf 87' lang='lat' dir='ltr'><strong>scilicet</strong></span> <span class='ocrx_word' id='word_1_329' title='bbox 1447 2314 1529 2350; x_wconf 89' lang='lat' dir='ltr'><strong>dies</strong></span> <span class='ocrx_word' id='word_1_330' title='bbox 1551 2315 1720 2351; x_wconf 87' lang='lat' dir='ltr'><strong>cinerum</strong></span> 
     </span>
     <span class='ocr_line' id='line_1_38' title="bbox 265 2372 1721 2420; baseline 0.002 -12"><span class='ocrx_word' id='word_1_331' title='bbox 265 2372 318 2408; x_wconf 90' lang='lat' dir='ltr'><strong>sit</strong></span> <span class='ocrx_word' id='word_1_332' title='bbox 337 2376 491 2419; x_wconf 88' lang='lat' dir='ltr'><strong>propter</strong></span> <span class='ocrx_word' id='word_1_333' title='bbox 512 2372 791 2408; x_wconf 89' lang='lat' dir='ltr'><strong>solemnitatem</strong></span> <span class='ocrx_word' id='word_1_334' title='bbox 815 2372 1054 2408; x_wconf 91' lang='lat' dir='ltr'><strong>comitiorum</strong></span> <span class='ocrx_word' id='word_1_335' title='bbox 1079 2373 1160 2409; x_wconf 89' lang='lat' dir='ltr'><strong>dies</strong></span> <span class='ocrx_word' id='word_1_336' title='bbox 1181 2373 1425 2420; x_wconf 86' lang='lat' dir='ltr'><strong>disputabilis</strong></span> <span class='ocrx_word' id='word_1_337' title='bbox 1446 2386 1521 2410; x_wconf 90' lang='lat' dir='ltr'><strong>non</strong></span> <span class='ocrx_word' id='word_1_338' title='bbox 1544 2374 1721 2411; x_wconf 88' lang='lat' dir='ltr'><strong>obstante</strong></span> 
     </span>
     <span class='ocr_line' id='line_1_39' title="bbox 265 2433 412 2467; baseline -0.007 0"><span class='ocrx_word' id='word_1_339' title='bbox 265 2433 412 2467; x_wconf 87' lang='lat' dir='ltr'><strong>statuto</strong></span> 
     </span>
    </p>

    <p class='ocr_par' dir='ltr' id='par_1_15' title="bbox 168 2489 1720 2654">
     <span class='ocr_line' id='line_1_40' title="bbox 168 2489 1720 2540; baseline 0.003 -15"><span class='ocrx_word' id='word_1_340' title='bbox 168 2489 394 2526; x_wconf 88' lang='lat' dir='ltr'><strong>Conceditur</strong></span> <span class='ocrx_word' id='word_1_341' title='bbox 410 2489 458 2536; x_wconf 88' lang='lat' dir='ltr'><strong>xij</strong></span> <span class='ocrx_word' id='word_1_342' title='bbox 477 2489 501 2526; x_wconf 89' lang='lat' dir='ltr'><strong>J</strong></span> <span class='ocrx_word' id='word_1_343' title='bbox 504 2489 584 2526; x_wconf 89' lang='lat' dir='ltr'><strong>unii</strong></span> <span class='ocrx_word' id='word_1_344' title='bbox 599 2493 640 2526; x_wconf 88' lang='lat' dir='ltr'><strong>vt</strong></span> <span class='ocrx_word' id='word_1_345' title='bbox 657 2490 836 2536; x_wconf 88' lang='lat' dir='ltr'><strong>magister</strong></span> <span class='ocrx_word' id='word_1_346' title='bbox 850 2490 993 2527; x_wconf 86' lang='lat' dir='ltr'><strong>Master</strong></span> <span class='ocrx_word' id='word_1_347' title='bbox 1005 2491 1126 2538; x_wconf 88' lang='lat' dir='ltr'><strong>possit</strong></span> <span class='ocrx_word' id='word_1_348' title='bbox 1139 2491 1277 2527; x_wconf 83' lang='lat' dir='ltr'><strong>habere</strong></span> <span class='ocrx_word' id='word_1_349' title='bbox 1290 2492 1417 2528; x_wconf 90' lang='lat' dir='ltr'><strong>omnia</strong></span> <span class='ocrx_word' id='word_1_350' title='bbox 1427 2492 1510 2528; x_wconf 92' lang='lat' dir='ltr'><strong>iura</strong></span> <span class='ocrx_word' id='word_1_351' title='bbox 1523 2493 1720 2540; x_wconf 90' lang='lat' dir='ltr'><strong>pensiones</strong></span> 
     </span>
     <span class='ocr_line' id='line_1_41' title="bbox 263 2549 1720 2600; baseline 0.003 -16"><span class='ocrx_word' id='word_1_352' title='bbox 263 2549 459 2585; x_wconf 88' lang='lat' dir='ltr'><strong>commoda</strong></span> <span class='ocrx_word' id='word_1_353' title='bbox 481 2551 521 2585; x_wconf 83' lang='lat' dir='ltr'><strong>et</strong></span> <span class='ocrx_word' id='word_1_354' title='bbox 542 2549 740 2596; x_wconf 87' lang='lat' dir='ltr'><strong>priuilegia</strong></span> <span class='ocrx_word' id='word_1_355' title='bbox 763 2561 837 2596; x_wconf 91' lang='lat' dir='ltr'><strong>que</strong></span> <span class='ocrx_word' id='word_1_356' title='bbox 859 2550 907 2585; x_wconf 89' lang='lat' dir='ltr'><strong>ad</strong></span> <span class='ocrx_word' id='word_1_357' title='bbox 931 2550 1094 2586; x_wconf 86' lang='lat' dir='ltr'><strong>officium</strong></span> <span class='ocrx_word' id='word_1_358' title='bbox 1112 2551 1271 2586; x_wconf 91' lang='lat' dir='ltr'><strong>oratoris</strong></span> <span class='ocrx_word' id='word_1_359' title='bbox 1288 2552 1480 2598; x_wconf 91' lang='lat' dir='ltr'><strong>pertinent</strong></span> <span class='ocrx_word' id='word_1_360' title='bbox 1497 2555 1577 2588; x_wconf 89' lang='lat' dir='ltr'><strong>tam</strong></span> <span class='ocrx_word' id='word_1_361' title='bbox 1593 2553 1720 2600; x_wconf 92' lang='lat' dir='ltr'><strong>amplo</strong></span> 
     </span>
     <span class='ocr_line' id='line_1_42' title="bbox 265 2606 1673 2654; baseline 0.002 -12"><span class='ocrx_word' id='word_1_362' title='bbox 265 2607 375 2643; x_wconf 91' lang='lat' dir='ltr'><strong>modo</strong></span> <span class='ocrx_word' id='word_1_363' title='bbox 391 2618 506 2654; x_wconf 88' lang='lat' dir='ltr'><strong>quam</strong></span> <span class='ocrx_word' id='word_1_364' title='bbox 522 2607 636 2643; x_wconf 89' lang='lat' dir='ltr'><strong>ceteri</strong></span> <span class='ocrx_word' id='word_1_365' title='bbox 654 2606 869 2643; x_wconf 87' lang='lat' dir='ltr'><strong>habuerunt</strong></span> <span class='ocrx_word' id='word_1_366' title='bbox 886 2608 952 2653; x_wconf 90' lang='lat' dir='ltr'><strong>qui</strong></span> <span class='ocrx_word' id='word_1_367' title='bbox 969 2610 1060 2643; x_wconf 86' lang='lat' dir='ltr'><strong>ante</strong></span> <span class='ocrx_word' id='word_1_368' title='bbox 1079 2619 1166 2643; x_wconf 92' lang='lat' dir='ltr'><strong>eum</strong></span> <span class='ocrx_word' id='word_1_369' title='bbox 1184 2607 1253 2643; x_wconf 89' lang='lat' dir='ltr'><strong>hoc</strong></span> <span class='ocrx_word' id='word_1_370' title='bbox 1271 2619 1426 2644; x_wconf 87' lang='lat' dir='ltr'><strong>munere</strong></span> <span class='ocrx_word' id='word_1_371' title='bbox 1443 2608 1563 2644; x_wconf 88' lang='lat' dir='ltr'><strong>functi</strong></span> <span class='ocrx_word' id='word_1_372' title='bbox 1581 2614 1673 2645; x_wconf 89' lang='lat' dir='ltr'><strong>sunt</strong></span> 
     </span>
    </p>

    <p class='ocr_par' dir='ltr' id='par_1_16' title="bbox 172 2664 1719 2772">
     <span class='ocr_line' id='line_1_43' title="bbox 172 2664 1719 2713; baseline 0.002 -11"><span class='ocrx_word' id='word_1_373' title='bbox 172 2665 397 2702; x_wconf 88' lang='lat' dir='ltr'><strong>Conceditur</strong></span> <span class='ocrx_word' id='word_1_374' title='bbox 414 2664 476 2712; x_wconf 76' lang='lat' dir='ltr'><strong>ij‘10</strong></span> <span class='ocrx_word' id='word_1_375' title='bbox 491 2665 514 2700; x_wconf 88' lang='lat' dir='ltr'>J</span> <span class='ocrx_word' id='word_1_376' title='bbox 518 2665 585 2700; x_wconf 89' lang='lat' dir='ltr'><strong>ulu</strong></span> <span class='ocrx_word' id='word_1_377' title='bbox 599 2667 642 2701; x_wconf 87' lang='lat' dir='ltr'><strong>vt</strong></span> <span class='ocrx_word' id='word_1_378' title='bbox 657 2665 839 2701; x_wconf 88' lang='lat' dir='ltr'><strong>Ricardus</strong></span> <span class='ocrx_word' id='word_1_379' title='bbox 854 2665 1057 2712; x_wconf 87' lang='lat' dir='ltr'><strong>Robynson</strong></span> <span class='ocrx_word' id='word_1_380' title='bbox 1075 2666 1243 2702; x_wconf 87' lang='lat' dir='ltr'><strong>bedellus</strong></span> <span class='ocrx_word' id='word_1_381' title='bbox 1259 2667 1380 2713; x_wconf 90' lang='lat' dir='ltr'><strong>possit</strong></span> <span class='ocrx_word' id='word_1_382' title='bbox 1396 2667 1435 2702; x_wconf 90' lang='lat' dir='ltr'><strong>in</strong></span> <span class='ocrx_word' id='word_1_383' title='bbox 1454 2667 1538 2703; x_wconf 89' lang='lat' dir='ltr'><strong>istis</strong></span> <span class='ocrx_word' id='word_1_384' title='bbox 1555 2669 1719 2705; x_wconf 85' lang='lat' dir='ltr'><strong>comitiis</strong></span> 
     </span>
     <span class='ocr_line' id='line_1_44' title="bbox 263 2724 1458 2772; baseline 0.002 -12"><span class='ocrx_word' id='word_1_385' title='bbox 263 2724 437 2772; x_wconf 88' lang='lat' dir='ltr'><strong>supplere</strong></span> <span class='ocrx_word' id='word_1_386' title='bbox 453 2724 552 2760; x_wconf 89' lang='lat' dir='ltr'><strong>vices</strong></span> <span class='ocrx_word' id='word_1_387' title='bbox 569 2724 739 2770; x_wconf 86' lang='lat' dir='ltr'><strong>magistri</strong></span> <span class='ocrx_word' id='word_1_388' title='bbox 757 2724 986 2760; x_wconf 88' lang='lat' dir='ltr'><strong>Brumsted</strong></span> <span class='ocrx_word' id='word_1_389' title='bbox 977 2736 1053 2760; x_wconf 78' lang='lat' dir='ltr'><strong>iam</strong></span> <span class='ocrx_word' id='word_1_390' title='bbox 1069 2725 1235 2772; x_wconf 86' lang='lat' dir='ltr'><strong>graviter</strong></span> <span class='ocrx_word' id='word_1_391' title='bbox 1250 2726 1458 2772; x_wconf 82' lang='lat' dir='ltr'><strong>egrotantis</strong></span> 
     </span>
    </p>

    <p class='ocr_par' dir='ltr' id='par_1_17' title="bbox 169 2764 1720 2891">
     <span class='ocr_line' id='line_1_45' title="bbox 169 2764 1720 2833; baseline 0.003 -13"><span class='ocrx_word' id='word_1_392' title='bbox 169 2783 394 2820; x_wconf 86' lang='lat' dir='ltr'><strong>Conceditur</strong></span> <span class='ocrx_word' id='word_1_393' title='bbox 409 2783 540 2820; x_wconf 88' lang='lat' dir='ltr'><strong>eodem</strong></span> <span class='ocrx_word' id='word_1_394' title='bbox 557 2787 599 2819; x_wconf 85' lang='lat' dir='ltr'><strong>vt</strong></span> <span class='ocrx_word' id='word_1_395' title='bbox 617 2784 795 2829; x_wconf 87' lang='lat' dir='ltr'><strong>magister</strong></span> <span class='ocrx_word' id='word_1_396' title='bbox 816 2783 990 2820; x_wconf 90' lang='lat' dir='ltr'><strong>Andreas</strong></span> <span class='ocrx_word' id='word_1_397' title='bbox 1011 2783 1247 2831; x_wconf 86' lang='lat' dir='ltr'><strong>Oxenbridge</strong></span> <span class='ocrx_word' id='word_1_398' title='bbox 1269 2784 1408 2821; x_wconf 86' lang='lat' dir='ltr'><strong>habeat</strong></span> <span class='ocrx_word' id='word_1_399' title='bbox 1430 2785 1560 2822; x_wconf 86' lang='lat' dir='ltr'><strong>literas</strong></span> <span class='ocrx_word' id='word_1_400' title='bbox 1582 2764 1720 2833; x_wconf 83' lang='lat' dir='ltr'><strong>gradus</strong></span> 
     </span>
     <span class='ocr_line' id='line_1_46' title="bbox 262 2843 1438 2891; baseline 0.003 -14"><span class='ocrx_word' id='word_1_401' title='bbox 262 2845 300 2878; x_wconf 86' lang='lat' dir='ltr'><strong>et</strong></span> <span class='ocrx_word' id='word_1_402' title='bbox 317 2843 610 2878; x_wconf 69' lang='lat' dir='ltr'><strong>comm-sationis</strong></span> <span class='ocrx_word' id='word_1_403' title='bbox 627 2855 693 2879; x_wconf 88' lang='lat' dir='ltr'><strong>sue</strong></span> <span class='ocrx_word' id='word_1_404' title='bbox 709 2844 949 2890; x_wconf 86' lang='lat' dir='ltr'><strong>consignatas</strong></span> <span class='ocrx_word' id='word_1_405' title='bbox 965 2844 1088 2891; x_wconf 86' lang='lat' dir='ltr'><strong>sigillo</strong></span> <span class='ocrx_word' id='word_1_406' title='bbox 1104 2848 1229 2880; x_wconf 88' lang='lat' dir='ltr'><strong>vestro</strong></span> <span class='ocrx_word' id='word_1_407' title='bbox 1246 2845 1438 2881; x_wconf 89' lang='lat' dir='ltr'><strong>communi</strong></span> 
     </span>
    </p>
   </div>
  </div>
 </body>
</html>
