2008 3294
336 213 423 257 390
929 223 1082 257 GRAcE
1114 224 1236 257 BOOK
1268 224 1297 256 Δ
1662 213 1883 271 [1584-85

822 496 941 540 Ordo
971 496 1235 539 senior-itatis
1266 512 1401 553 mary.

978 624 1024 659 D.
1052 624 1242 660 Hickman

976 683 1022 718 D.
1050 682 1211 719 Hudson

796 943 1109 986 Bacchalaurei
1141 943 1186 986 in
1219 943 1440 1000 theologia

336 1070 565 1107 Conceditur
584 1073 622 1107 3⁰
640 1070 665 1107 J
667 1070 747 1107 unii
772 1070 937 1106 Roberto
957 1070 1101 1118 Sparke
1123 1073 1166 1106 vt
1192 1070 1363 1106 studium
1386 1083 1410 1106 x
1433 1082 1618 1107 annorum
1641 1070 1680 1106 in
1702 1070 1890 1116 theologia

428 1133 516 1177 post
531 1130 697 1176 primum
714 1130 796 1166 eius
807 1129 1015 1166 adventum
1031 1130 1080 1166 ad
1097 1130 1329 1166 academiam
1346 1141 1433 1166 cum
1450 1129 1626 1166 omnibus
1643 1129 1888 1177 oppositioni-

429 1188 500 1224 bus
516 1188 821 1235 responsionibus
837 1188 997 1235 aliisque
1013 1189 1202 1225 exercitiis
1219 1200 1286 1236 per
1301 1191 1451 1225 statuta
1466 1189 1660 1236 requisitis
1676 1189 1838 1225 sufficiat
1854 1189 1889 1225 ei

429 1250 509 1283 tam
526 1246 574 1283 ad
591 1247 858 1294 opponendum
876 1259 991 1294 quam
1008 1247 1057 1283 ad
1074 1246 1296 1283 intrandum
1309 1247 1349 1282 in
1367 1258 1472 1283 saera
1488 1246 1676 1294 theologia

336 1306 563 1342 Conceditur
578 1306 708 1342 eodem
724 1305 748 1342 J
751 1318 781 1343 o.
803 1306 982 1342 Bullocke
999 1309 1042 1342 vt
1059 1306 1231 1342 studium
1255 1307 1276 1343 7
1299 1317 1486 1342 annorum
1509 1305 1549 1341 in
1571 1305 1761 1352 theologia
1784 1309 1888 1353 post-

430 1377 546 1412 quam
562 1365 700 1402 rexerit
719 1366 759 1401 in
779 1366 927 1402 artibus
949 1378 1037 1402 cum
1059 1365 1237 1402 omnibus
1259 1365 1561 1412 oppositionibus
1583 1364 1889 1412 responsionibus

429 1424 666 1461 sermonibus
688 1425 898 1472 ceterisque
919 1425 1108 1461 exercitiis
1129 1437 1196 1472 per
1218 1427 1366 1461 statuta
1387 1424 1489 1471 regia
1510 1424 1705 1471 requisitis
1727 1423 1890 1460 sufficiat

430 1484 464 1520 ei
482 1487 562 1520 tam
574 1483 623 1520 ad
638 1484 903 1531 opponendum
917 1496 1032 1532 quam
1045 1484 1092 1520 ad
1106 1484 1326 1521 intrandum
1341 1484 1380 1520 in
1394 1495 1500 1520 sacra
1512 1483 1699 1530 theologia
1746 1482 1887 1520 Eadem

430 1544 553 1590 gratia
576 1543 794 1580 conceditur
818 1544 842 1591 ij
869 1543 890 1580 J
896 1544 976 1580 unii
1002 1544 1094 1580 Tho.
1119 1543 1206 1580 Dixi
1256 1546 1302 1579 22
1327 1542 1351 1579 J
1354 1543 1434 1579 unii
1460 1542 1661 1580 Lanceloto
1685 1542 1891 1579 Androwes

431 1603 564 1639 Car-olo
586 1603 715 1640 Home
736 1603 759 1640 J
763 1616 793 1641 0.
814 1604 1011 1651 Ghapman
1035 1604 1137 1641 Edw.
1163 1604 1300 1640 Garret
1322 1603 1510 1640 Willelmo
1535 1603 1658 1640 Pelset
1721 1604 1768 1640 26
1784 1602 1808 1639 J
1810 1603 1890 1639 unii

432 1662 597 1699 Roberto
624 1663 862 1700 Williamson
897 1663 1061 1700 Roberto
1090 1663 1241 1710 Wright
1273 1663 1395 1710 primo
1423 1662 1447 1699 J
1451 1662 1517 1699 ulii
1545 1662 1734 1699 Willelmo
1762 1662 1892 1710 Baylie

432 1722 539 1760 Geor.
560 1722 730 1771 Higgyns
746 1726 786 1759 et
802 1722 864 1771 ij‘10
880 1723 904 1760 J
907 1723 974 1760 ulii
992 1723 1192 1771 Radulpho
1209 1722 1443 1771 Tayleboyes
1787 1722 1789 1724 “

820 1981 939 2024 Ordo
969 1981 1236 2024 senioritatis
1266 1996 1404 2038 mary.

621 2107 708 2143 Dixi
995 2107 1173 2155 Taylbois
1421 2106 1549 2154 Baylie

622 2167 750 2203 Horne
993 2167 1128 2203 Garret
1420 2165 1625 2202 Andrewes

624 2226 746 2262 Pelset
994 2225 1230 2262 Williamson
1423 2224 1574 2271 Wright

621 2284 798 2321 Bullocke
998 2284 1164 2331 Higgens
1425 2283 1568 2331 Sparke

620 2343 818 2392 Chapman

843 2576 1053 2621 Doctores
1085 2576 1130 2620 in
1161 2576 1384 2635 theologia

334 2703 563 2741 conceditur
579 2706 618 2740 2⁰
634 2702 778 2751 Aprilis
795 2703 974 2750 magistro
994 2702 1152 2739 Rioardo
1173 2701 1352 2739 Banoroft
1376 2705 1418 2739 vt
1441 2700 1611 2738 studium
1638 2703 1680 2738 12
1703 2713 1888 2740 annorum

430 2763 467 2799 in
486 2762 671 2810 theologia.
691 2765 892 2810 postquam
914 2762 1051 2798 rexerit
1073 2762 1111 2798 in
1134 2760 1281 2798 artibus
1303 2772 1389 2797 oum
1413 2759 1714 2808 oppositionibus
1737 2772 1887 2809 respon-

430 2820 599 2858 sionibus
631 2819 866 2858 sermonibus
894 2824 935 2857 et
962 2820 1048 2857 aliis
1076 2820 1263 2857 exercitiis
1292 2831 1359 2867 per
1390 2822 1538 2856 statuta
1566 2819 1668 2866 regia.
1698 2820 1890 2867 requisitis

429 2881 593 2918 nuffleiat
609 2880 643 2917 ei
658 2879 705 2917 ad
724 2880 979 2928 incipiendum
997 2880 1034 2916 in
1053 2891 1159 2916 sacra
1175 2878 1362 2926 theologia
1412 2878 1553 2916 Eadem
1576 2879 1698 2926 gratia
1719 2879 1887 2917 concedi-

431 2944 496 2977 tur
515 2943 551 2978 Η
574 2939 596 2977 J
601 2940 679 2977 unii
699 2940 877 2987 magistro
894 2939 985 2977 Tho.
1005 2938 1167 2976 Stallard
1185 2951 1270 2976 cum
1289 2938 1416 2976 studio
1433 2938 1566 2987 xiiij⁰¹==
1583 2950 1768 2976 annorum
