2008 3216
405 213 461 253 82
579 184 584 186 s
1001 222 1154 256 GRACE
1185 224 1308 256 Boot<
1340 225 1368 255 Δ
1733 215 1954 270 [1551-52

406 326 505 362 Item
522 326 739 362 conceditur
755 329 798 362 vt
816 326 878 373 xiij
893 339 911 362 s
933 325 987 373 iiij
1000 326 1024 362 d
1042 326 1181 373 quibus
1203 328 1410 364 mulctatus
1435 332 1492 364 est
1515 328 1694 375 magister
1719 329 1835 376 Fryer
1856 327 1957 374 quod

500 397 639 422 munus
655 385 764 421 edilis
779 386 861 421 siue
873 386 1055 422 taxatoris
1071 397 1146 422 non
1161 387 1366 434 susceperit
1382 387 1520 423 iterum
1533 386 1605 422 sibi
1619 387 1754 423 vestris
1771 385 1957 432 suffragiis

499 443 706 480 reddantur
729 444 909 490 quoniam
937 444 1022 479 aliis
1047 443 1275 490 quibusdam
1300 444 1477 491 gravibus
1502 445 1664 491 negociis
1688 445 1893 492 impeditus
1917 444 1956 480 id

500 503 688 538 recusavit
719 514 787 538 nec
819 503 925 538 iuxta
954 506 1124 539 veterum
1149 506 1381 539 statutorum
1410 515 1483 550 que
1515 504 1555 539 in
1587 504 1658 539 hac
1690 506 1798 551 parte
1829 503 1957 539 valent

499 560 811 596 consuetudinem
834 572 858 596 a
877 573 1067 608 quoquam
1092 562 1150 598 sui
1174 562 1317 609 collegii
1341 562 1389 598 ad
1414 562 1452 598 id
1478 563 1587 598 officii
1613 563 1718 610 prius
1740 564 1959 599 nominatus

499 619 574 654 fuit

406 677 504 713 Item
533 677 752 713 conceditur
776 680 818 712 vt
849 677 983 713 doctor
1016 677 1176 714 Haddon
1207 678 1336 714 literas
1367 678 1415 714 de
1445 679 1626 716 electione
1658 680 1879 716 Cancellarii
1913 691 1957 716 ac

497 735 648 771 easdem
680 747 806 771 coram
835 735 942 772 vobis
974 736 1081 783 prius
1105 737 1222 773 lectas
1250 740 1290 772 et
1317 736 1544 784 approbatas
1573 738 1802 774 Cancellario
1829 739 1958 776 tradat

497 794 688 829 adiunctis
704 793 776 829 sibi
793 793 946 830 domino
962 794 1250 841 procanoellario
1267 799 1305 831 et
1327 796 1491 842 prefecto
1507 795 1650 843 collegii
1676 797 1777 833 Petri
1795 797 1957 834 Londini

498 863 599 887 nunc
623 850 823 898 agentibus

405 911 504 946 Item
537 910 755 946 conceditur
786 914 830 946 vt
861 911 1038 947 dominus
1066 913 1377 958 procancellarius
1410 925 1484 949 vna
1515 925 1601 949 cum
1634 913 1785 950 doctore
1818 915 1957 951 Parker

499 970 663 1006 dominis
675 970 981 1018 procuratoribus
993 974 1032 1007 et
1045 971 1235 1018 magistris
1249 972 1332 1018 (sic)
1346 972 1440 1008 Yale
1452 971 1617 1009 habeant
1629 975 1793 1009 vestram
1804 973 1957 1010 author-

498 1029 632 1065 itatem
665 1029 827 1065 adeundi
861 1029 996 1065 cistam
1022 1041 1260 1066 communem
1292 1032 1332 1066 et
1363 1030 1457 1067 alia-s
1481 1031 1521 1066 in
1553 1031 1692 1078 quibus
1723 1035 1958 1079 reponuntur

499 1087 717 1125 achademie
733 1088 968 1125 monimenta
980 1088 1027 1125 ad
1044 1088 1247 1125 videndum
1262 1093 1302 1126 et
1314 1090 1605 1137 perquirendum
1619 1103 1712 1127 num
1725 1103 1799 1138 que
1815 1092 1956 1139 scripta

499 1148 667 1184 invenire
699 1148 847 1195 possint
878 1149 1141 1186 concernentia
1165 1150 1364 1186 rectoriam
1393 1163 1438 1187 ex
1466 1154 1669 1198 patronatu
1697 1152 1956 1190 vniuersitatis

498 1206 573 1242 iam
592 1207 650 1252 (vt
665 1206 790 1252 aiunt)
808 1210 1005 1243 vacantem
1028 1209 1068 1243 et
1083 1210 1168 1244 tum
1190 1208 1343 1245 demum
1360 1209 1517 1246 eandem
1539 1209 1718 1246 collocare
1734 1210 1774 1246 in
1790 1210 1954 1258 aliquem

499 1269 667 1302 vestrum
684 1269 796 1313 provt
813 1265 919 1302 vobis
936 1265 1126 1303 videbitur
