2008 3216
104 412 131 451 f.
155 414 252 452 38a

325 164 379 206 96
920 173 1071 205 GRAcE
1102 174 1226 205 BOOK
1258 174 1287 204 Δ
1652 164 1874 219 [1553-54

780 407 1090 450 Bacchalaurei
1119 407 1166 450 in
1197 407 1417 465 theologia

323 523 369 559 In
387 524 521 571 primis
537 525 756 562 conceditur
771 525 952 571 magistro
969 524 1244 562 Christoferson
1261 526 1426 573 prefecto
1443 526 1586 573 collegii
1610 525 1810 562 Trinitatis
1832 528 1875 560 vt

416 583 586 620 studium
605 586 625 621 7
643 596 829 620 annorum
845 584 886 620 in
902 584 1088 630 theologia
1104 587 1306 631 postquam
1322 585 1460 620 rexerit
1476 585 1516 621 in
1533 584 1680 621 artibus
1697 596 1770 620 vna
1786 595 1873 619 cum

416 642 563 679 duobus
579 642 816 679 sermonibus
833 655 906 678 vno
922 642 971 678 ad
987 642 1127 679 clerum
1145 643 1264 679 altero
1283 644 1331 680 ad
1348 656 1496 680 crucem
1515 644 1621 680 Pauli
1638 647 1677 680 et
1693 655 1779 679 cum
1801 654 1875 678 vna

416 702 655 748 responsione
684 701 743 737 vel
767 700 940 748 pluribus
968 701 1000 736 si
1029 701 1227 747 exigantiu·
1252 702 1441 738 sufficiant
1473 702 1507 738 ei
1535 702 1584 738 ad
1609 701 1874 750 opponendum

417 764 456 796 et
481 760 701 796 intrandum
725 760 765 795 in
791 771 897 795 sacra
920 759 1107 806 theologia
1151 760 1213 796 Ita
1237 760 1338 808 quod
1365 773 1450 797 cum
1475 761 1590 797 semel
1614 762 1737 797 factus
1760 760 1875 796 fuerit

416 818 587 854 sacerdos
604 818 724 866 possit
739 817 892 854 admitti
910 817 958 854 ad
975 817 1159 865 placitum
1176 822 1215 854 et
1231 822 1309 855 stet
1326 831 1518 867 opponens
1533 831 1652 867 vsque
1668 819 1716 856 ad
1733 819 1874 856 festum

417 877 588 914 Barnabe

323 935 421 971 Item
439 935 657 972 conceditur
670 934 872 972 venerabili
884 935 964 971 viro
976 934 999 970 J
1003 935 1115 971 oanni
1129 935 1256 971 Weale
1272 935 1455 982 graduato
1468 936 1622 972 Oxoniis
1634 939 1674 972 et
1689 936 1875 972 sacellano

416 996 652 1032 serenissime
675 995 826 1032 domine
851 995 992 1041 Regine
1017 997 1059 1031 vt
1081 994 1252 1031 studium
1275 1007 1297 1030 x
1317 1007 1502 1032 annorum
1525 996 1565 1031 in
1590 995 1778 1042 theologia
1799 1007 1874 1031 vna

416 1067 502 1091 cum
527 1054 674 1092 duobus
703 1054 939 1091 sermonibus
971 1066 1046 1090 vno
1074 1054 1123 1091 ad
1149 1054 1290 1091 clerum
1315 1055 1433 1091 altero
1457 1054 1505 1091 ad
1530 1066 1678 1091 crucem
1704 1054 1810 1090 Pauli
1835 1057 1875 1090 et

414 1116 502 1149 cuin
519 1125 594 1150 vna
610 1113 848 1161 responsione
867 1113 925 1149 vel
942 1113 1114 1160 pluribus
1129 1114 1160 1150 si
1179 1113 1376 1160 exigantur
1391 1125 1491 1149 anno
1504 1113 1674 1160 proximo
1690 1113 1762 1149 sub
1777 1124 1874 1160 pena

416 1173 603 1210 cautionis
619 1173 730 1210 realis
749 1180 914 1220 quatuor
934 1172 1116 1209 librarum
1133 1173 1303 1220 ponende
1328 1173 1367 1209 in
1391 1172 1567 1209 manibus
1590 1174 1873 1220 procuratorum

415 1235 620 1279 antequam
651 1232 880 1269 admittatur
911 1230 1085 1268 habenda
1117 1231 1279 1267 sufficiat
1302 1232 1336 1268 ei
1361 1231 1409 1268 ad
1434 1231 1655 1268 intrandum
1679 1231 1719 1267 in
1743 1230 1874 1268 eadem

417 1292 596 1329 facultate
620 1296 660 1328 et
684 1294 761 1328 stet
785 1302 977 1338 opponens
1005 1302 1124 1338 vsque
1147 1290 1195 1327 ad
1220 1291 1359 1327 festum
1391 1289 1559 1327 Barnabe
1584 1294 1623 1327 et
1647 1289 1875 1327 admittatur

417 1355 499 1388 tam
535 1351 583 1387 ad
620 1350 886 1399 opponendum
921 1362 1037 1397 quam
1076 1350 1297 1386 intrandum
1329 1350 1612 1398 quamprimum
1645 1349 1791 1386 venerit
1823 1348 1873 1385 ad

415 1411 673 1448 achademiam

324 1471 422 1507 Item
439 1470 656 1507 conceditur
676 1470 834 1517 Georgio
858 1470 1015 1506 Bullock
1037 1474 1079 1506 vt
1103 1472 1122 1507 7
1146 1470 1235 1505 anni
1259 1470 1298 1505 in
1322 1469 1448 1506 studio
1472 1469 1655 1516 theologie
1671 1472 1873 1516 postquam

417 1530 554 1567 rexerit
571 1530 609 1566 in
628 1529 776 1566 artibus
793 1541 866 1565 vna
882 1541 968 1565 cum
986 1529 1227 1576 responsione
1244 1529 1302 1564 vel
1318 1527 1490 1575 pluribus
1509 1528 1542 1564 si
1565 1528 1764 1575 exigantur
1784 1531 1874 1564 ante

416 1589 683 1626 admissionem
705 1600 813 1625 suam
836 1591 874 1624 et
891 1600 978 1625 cum
998 1587 1146 1624 duobus
1167 1587 1404 1624 sermonibus
1426 1600 1500 1624 vno
1521 1587 1568 1624 ad
1594 1587 1734 1624 clerum
1756 1587 1874 1624 altero

417 1648 465 1685 ad
489 1660 638 1684 crucem
664 1647 770 1684 Pauli
795 1648 958 1684 sufficiat
981 1646 1054 1684 sibi
1083 1647 1131 1683 ad
1156 1646 1376 1683 intrandum
1401 1647 1440 1682 in
1470 1647 1656 1694 theologia
1687 1646 1741 1683 sic
1773 1646 1874 1694 quod

418 1707 529 1744 liceat
544 1706 616 1743 sibi
640 1707 781 1742 intrare
803 1706 1104 1753 quandocunque
1122 1706 1281 1743 voluerit
1303 1711 1342 1742 et
1366 1706 1516 1742 duxerit
1537 1709 1765 1753 oportunum
1788 1709 1875 1753 post

417 1767 497 1803 eius
513 1766 778 1803 admissionem
795 1771 835 1801 et
851 1769 928 1801 stet
944 1777 1136 1813 opponens
1152 1777 1270 1812 vsque
1286 1765 1334 1801 ad
1351 1765 1550 1801 introitum

325 1827 422 1862 Item
448 1825 665 1862 conceditur
694 1825 873 1872 magistro
900 1824 1070 1861 Redman
1095 1828 1138 1861 vt
1162 1824 1331 1861 studium
1357 1829 1380 1861 6
1405 1835 1590 1860 annorum
1623 1824 1662 1859 in
1689 1823 1875 1870 theologia

418 1889 619 1932 postquam
653 1883 791 1919 rexerit
824 1883 862 1918 iu
887 1882 1035 1919 artibus
1063 1895 1138 1919 vna
1170 1894 1255 1919 cum
1291 1882 1531 1930 responsione
1557 1882 1615 1918 vel
1643 1881 1815 1929 pluribus
1842 1882 1874 1919 si

417 1944 614 1991 exigantur
630 1946 670 1979 et
685 1955 771 1979 cum
789 1942 936 1979 duobus
953 1943 1189 1979 sermonibus
1206 1955 1280 1979 vno
1297 1942 1345 1979 ad
1361 1943 1503 1979 clerum
1523 1942 1641 1979 altero
1656 1941 1704 1978 ad
1727 1954 1874 1979 crucem

421 2002 526 2039 Pauli
549 2001 711 2038 sufficiat
733 2001 766 2037 ei
787 2000 834 2037 ad
859 2001 1078 2038 intrandum
1102 2002 1141 2038 in
1166 2001 1295 2038 eadem
1322 2001 1502 2038 facultate
1523 2003 1562 2038 et
1582 2004 1659 2038 stet
1682 2012 1875 2049 opponens

419 2074 536 2109 vsque
551 2061 599 2098 ad
617 2062 756 2098 festum
775 2059 944 2097 Barnabe
961 2064 1001 2097 et
1017 2061 1084 2098 fiat
1100 2060 1272 2098 sacerdos
1288 2064 1492 2108 antequam
1509 2060 1737 2098 admittatur

325 2121 467 2159 Eadem
483 2122 605 2169 gratia
626 2120 672 2157 de
696 2120 808 2157 verbo
830 2120 868 2156 in
893 2119 1049 2157 verbum
1071 2121 1289 2157 conceditur
1308 2121 1498 2167 magistris
1522 2120 1655 2157 Rudde
1672 2120 1874 2159 Godshalfe

418 2184 458 2219 et
475 2181 675 2229 Atkynson

326 2242 424 2278 Item
456 2239 674 2277 conceditur
705 2238 860 2275 eiisdem
895 2243 937 2275 vt
970 2239 1229 2286 responsiones
1263 2239 1467 2286 theologice
1499 2238 1546 2275 ad
1576 2251 1671 2286 quas
1697 2243 1875 2277 tenentur

419 2300 567 2337 racione
582 2298 720 2346 gradus
735 2297 962 2345 suscipiendi
985 2297 1125 2335 differri
1149 2298 1297 2346 possint
1313 2298 1366 2335 sic
1389 2298 1489 2345 quod
1513 2298 1606 2335 fiant
1622 2299 1717 2335 citra
1733 2299 1873 2336 festum

421 2358 562 2395 Pasehe
581 2358 793 2407 proximum
817 2356 888 2394 sub
906 2369 1002 2405 pena
1018 2358 1207 2395 caucionis
1223 2358 1334 2395 realis
1357 2358 1422 2395 xis
1445 2357 1614 2406 ponende
1637 2358 1675 2394 in
1700 2357 1874 2395 manibus

418 2421 701 2467 procuratorum
726 2421 930 2464 antequam
956 2416 1209 2453 admittantur

327 2479 423 2515 Item
448 2476 668 2515 conceditur
691 2477 869 2524 magistro
894 2475 1094 2513 Hawfarde
1119 2480 1162 2513 vt
1182 2475 1352 2513 studium
1377 2479 1397 2514 7
1421 2486 1604 2513 annorum
1628 2475 1665 2511 in
1690 2475 1876 2524 theologia

419 2541 620 2584 postquam
647 2535 785 2572 rexerit
812 2534 849 2571 in
876 2534 1024 2571 artibus
1050 2546 1124 2571 vna
1155 2546 1242 2571 oum
1275 2534 1422 2572 duobus
1454 2533 1688 2571 sermonibus
1721 2545 1794 2571 vno
1826 2533 1875 2571 ad

418 2595 557 2632 clerum
583 2594 702 2631 altero
724 2593 770 2630 ad
797 2605 943 2630 crucem
971 2593 1074 2630 Pauli
1098 2595 1138 2629 et
1159 2604 1245 2630 cum
1269 2605 1343 2629 vna
1365 2593 1604 2641 responsione
1627 2593 1682 2629 vel
1704 2593 1875 2641 pluribus

416 2657 446 2692 si
474 2655 673 2702 exigantur
700 2666 800 2690 anno
826 2653 994 2701 proximo
1022 2652 1204 2690 habendis
1228 2652 1300 2690 sub
1324 2663 1421 2700 pena
1449 2651 1638 2688 caucionis
1664 2651 1774 2689 realis
1807 2652 1874 2690 xls

419 2712 589 2763 ponende
622 2713 660 2750 in
695 2711 871 2749 manibus
903 2715 1186 2759 procuratorum
1215 2714 1418 2759 antequam
1452 2709 1680 2747 admittatur
1711 2711 1874 2749 sufficiat

419 2774 451 2810 ei
471 2778 548 2810 tam
572 2772 619 2810 ad
643 2771 907 2821 opponendum
930 2783 1045 2819 quam
1070 2770 1288 2808 intrandum
1313 2771 1350 2807 in
1376 2769 1562 2818 theologia
1586 2774 1625 2806 et
1647 2768 1875 2808 admittatur

417 2844 501 2870 mim
519 2832 654 2869 oetavis
672 2832 709 2868 in
729 2832 825 2868 sesto
844 2829 1016 2868 Bai-nabe

325 2892 465 2931 Eadem
483 2892 605 2940 gratis
620 2890 666 2928 de
686 2889 797 2927 verbo
815 2890 851 2927 in
873 2889 1027 2927 verbum
1043 2887 1261 2926 conceditur
1278 2888 1457 2937 magistro
1476 2887 1665 2937 Peroyvell
