2008 3216
143 158 362 216 1553-54]
725 168 877 203 emor:
908 168 1029 202 soor<
1063 169 1091 201 Δ
1634 159 1685 200 91

227 510 536 566 [1553—1554
597 511 828 555 Accession
858 511 906 554 of
930 511 1086 565 Queen
1118 511 1242 567 Mary
1275 513 1300 554 6
1332 510 1439 568 July
1472 510 1605 565 1553]

141 649 291 694 Gratie
311 665 509 696 concesse
537 653 583 696 in
615 653 745 710 plena
772 652 1110 710 congregacione
1141 650 1408 708 Regentium
1439 654 1484 692 et
1512 663 1595 691 non
1624 663 1687 691 re·
1706 651 1733 692 fi
1759 653 1808 692 36
1831 654 1856 691 b

252 722 453 778 gentium
485 737 510 764 a
538 723 649 765 festo
678 723 817 766 sancti
849 722 1077 766 Michaelis
1107 721 1353 778 archangeli
1384 734 1497 763 anno
1525 718 1688 762 domini

257 794 368 836 1553
409 807 542 850 vsque
577 793 630 836 ad
674 793 788 836 idem
833 794 991 836 festum
1029 808 1082 835 ex
1125 800 1232 835 tunc
1268 791 1463 849 proxime
1504 805 1690 847 sequens

255 861 426 906 Joanne
467 862 620 919 Yonge
661 878 779 906 sacre
817 862 1034 920 theologie
1075 862 1313 920 professore
1354 868 1459 903 tunc
1500 861 1690 903 vicecan-

257 932 430 975 cellario
452 939 497 976 et
519 933 686 976 Thoma
709 933 924 976 Gardiner
944 938 990 975 et
1013 933 1203 976 Henrico
1226 932 1384 988 Barley
1405 931 1565 973 artium
1594 945 1688 988 pro-

256 1001 489 1045 fessoribus
520 1008 626 1045 tunc
658 1001 1008 1060 procuratoribus

139 1178 185 1214 In
213 1178 345 1225 primis
377 1177 593 1214 conceditur
627 1181 668 1214 vt
701 1190 830 1214 omnes
861 1178 981 1225 gratie
1012 1176 1247 1214 admittendo
1280 1188 1347 1224 per
1377 1176 1573 1213 dominum
1607 1189 1688 1224 pro-

232 1237 491 1274 cancellarium
516 1237 686 1273 doctores
711 1237 912 1284 Atkynson
937 1240 976 1272 et
999 1236 1156 1284 Gryffyn
1179 1239 1219 1272 et
1245 1236 1444 1282 magistros
1467 1236 1626 1283 Moptyd
1651 1242 1690 1273 et

234 1295 435 1344 Robynson
453 1297 598 1344 possint
614 1308 831 1332 concurrere
848 1297 887 1332 in
904 1300 1068 1343 quatuor
1083 1294 1432 1342 congregationibus
1448 1295 1559 1331 istius
1575 1297 1665 1332 anui

617 1569 928 1612 Bacchalaurei
958 1569 1004 1612 in
1035 1569 1205 1612 artibus

141 1695 186 1732 In
211 1695 344 1743 primis
369 1695 586 1732 conceditur
615 1694 780 1734 Roberto
809 1694 997 1731 Firbanke
1023 1698 1065 1731 vt
1089 1695 1285 1732 duodecim
1310 1695 1462 1731 termini
1488 1696 1527 1731 in
1552 1694 1691 1742 quibus

233 1754 411 1791 lectiones
427 1753 635 1790 ordinarias
647 1753 797 1789 audiuit
809 1753 898 1790 licet
910 1765 985 1790 non
998 1754 1151 1790 omnino
1161 1754 1367 1790 secuudum
1381 1754 1540 1790 formam
1553 1754 1689 1790 statuti

233 1825 319 1850 cum
348 1812 646 1861 oppositionibus
672 1816 711 1849 et
736 1813 1042 1860 responsionibus
1066 1815 1259 1861 requisitis
1285 1814 1474 1850 sufficiant
1499 1815 1532 1850 ei
1562 1814 1610 1850 ad
1635 1826 1689 1850 re-

232 1872 491 1921 spondendum
510 1872 698 1920 questioni

139 1932 280 1969 Eadem
305 1932 427 1979 gratia
450 1931 497 1968 de
526 1930 638 1967 verbo
667 1931 706 1967 in
735 1931 892 1968 verbum
925 1943 1099 1968 concessa
1132 1935 1190 1968 est
1223 1932 1423 1968 Wilhelmo
1458 1932 1689 1969 Richardson

232 1992 397 2028 Roberto
414 1991 547 2027 Bolton
567 1991 724 2038 Goorgio
740 1991 893 2028 Walker
911 1991 1114 2028 Humfrido
1133 1992 1296 2039 Puryfye
1319 1992 1501 2028 Edwardo
1519 1992 1687 2040 Wilkyn-

232 2063 300 2088 son
316 2051 340 2087 J
343 2051 455 2087 oanni
473 2050 594 2086 Broke
610 2050 634 2086 J
636 2050 748 2086 oanni
766 2050 915 2087 Wattes
931 2053 970 2087 et
987 2051 1189 2087 Guillelmo
1207 2051 1346 2088 Betson

139 2110 239 2147 Item
254 2109 472 2146 conceditur
486 2109 675 2146 Willelmo
697 2110 846 2156 Agarde
869 2114 911 2147 vt
937 2114 980 2146 19.
1002 2111 1155 2147 termini
1173 2111 1212 2147 in
1233 2110 1372 2158 quibus
1393 2111 1570 2147 lectiones
1592 2112 1688 2148 ordi-

232 2170 357 2206 narias
378 2168 526 2205 audiuit
547 2169 636 2205 licet
658 2180 733 2205 non
757 2170 910 2205 omnino
932 2169 1139 2206 secundum
1163 2170 1322 2206 formam
1347 2170 1483 2206 statuti
1506 2182 1580 2206 vna
1601 2182 1687 2206 cuni

232 2227 531 2276 oppositionibus
563 2227 870 2275 responsionibus
902 2231 941 2264 et
973 2228 1058 2264 aliis
1094 2229 1280 2264 exercitiis
1312 2240 1378 2275 per
1410 2229 1511 2275 regia
1542 2231 1689 2265 statuta

233 2287 424 2334 requisitis
448 2286 637 2322 sufficiant
661 2286 695 2322 ei
720 2286 767 2322 ad
793 2286 1093 2333 respondendum
1117 2287 1304 2333 questioni

139 2346 237 2383 Item
266 2345 482 2382 conceditur
507 2345 724 2381 Alexandro
749 2345 899 2382 Smitho
923 2349 966 2382 vt
990 2346 1163 2382 vndecim
1188 2346 1340 2383 termini
1365 2358 1451 2384 cum
1475 2358 1519 2383 eo
1547 2347 1587 2383 in
1612 2359 1688 2394 quo

231 2405 552 2442 determinaturus
581 2407 640 2441 est
668 2405 707 2440 in
741 2405 880 2452 quibus
913 2405 1121 2442 ordinarias
1154 2406 1331 2442 lectiones
1362 2406 1512 2442 audiuit
1543 2410 1582 2442 et
1613 2406 1687 2442 dis-

231 2463 384 2511 putauit
416 2463 504 2500 lieet
536 2474 611 2498 non
644 2463 797 2499 omnino
829 2463 1036 2500 secundum
1068 2464 1228 2500 formam
1264 2465 1401 2501 statuti
1433 2465 1622 2501 sufficiant
1653 2466 1687 2500 ei

231 2522 278 2559 ad
303 2520 604 2569 respondendum
628 2521 818 2568 questioni

138 2581 279 2618 Eadem
295 2581 416 2628 gratia
432 2581 479 2618 de
499 2580 612 2618 verbo
634 2581 675 2617 in
700 2580 855 2617 verbum
879 2581 1097 2618 conceditur
1119 2581 1304 2619 Gulielmo
1327 2582 1469 2631 Alveye
1485 2586 1524 2620 et
1546 2583 1689 2621 'rhome

137 2695 237 2733 Item
268 2694 484 2732 conceditur
517 2694 660 2731 Thome
692 2695 893 2732 Acworthe
925 2699 968 2732 vt
1003 2699 1046 2732 12
1083 2697 1235 2733 termini
1268 2697 1307 2734 in
1340 2697 1479 2745 quibus
1510 2699 1688 2736 lectiones

231 2754 438 2791 ordinarias
460 2753 611 2791 audiuit
634 2754 723 2791 lieet
746 2766 822 2791 non
846 2755 1000 2792 omnino
1025 2756 1231 2793 secundum
1256 2757 1416 2794 formam
1441 2759 1579 2795 statuti
1601 2759 1688 2795 cu'm

230 2812 529 2861 oppositionibus
545 2816 584 2850 et
599 2814 903 2861 responsionibus
920 2819 959 2851 et
982 2815 1067 2851 aliis
1082 2816 1270 2852 exercitiis
1292 2817 1484 2863 requisitis
1499 2818 1688 2855 sufficiant

227 2872 263 2908 ei
279 2872 327 2909 ad
343 2872 645 2920 respondendum
663 2874 851 2920 questioni
