2008 3216
207 161 428 217 1560-61]
788 170 941 203 esses
970 171 1096 202 Boou
1125 170 1157 202 Δ
1671 160 1756 202 149

699 430 907 473 Doctores
937 429 984 472 in
1015 429 1109 471 iure
1140 428 1259 471 civili

205 559 432 595 Conceditur
461 561 506 595 14
532 559 727 596 Februarii
756 559 936 606 magistro
962 558 1167 594 Ackworth
1193 560 1237 593 vt
1262 556 1431 593 studium
1459 559 1481 591 5
1506 567 1689 592 annorum
1715 555 1754 591 in

299 619 379 656 iure
405 619 506 655 civili
539 621 741 666 postquam
774 619 911 654 rexerit
939 618 979 654 in
1011 617 1159 653 artibus
1190 628 1277 652 cum
1310 628 1384 652 vna
1415 615 1654 662 responsione
1685 614 1755 650 hoc

299 678 461 713 termino
477 679 516 713 et
538 678 657 713 altera
673 678 713 713 in
736 677 916 724 vesperiis
940 676 1178 712 comitiorum
1201 678 1240 711 et
1256 675 1340 711 aliis
1362 674 1548 710 exercitiis
1567 685 1634 720 per
1655 674 1756 719 regia

299 740 446 772 statuta
462 736 654 782 requisitis
670 736 833 772 sufficiat
849 736 883 771 ei
901 736 948 771 ad
967 734 1223 782 incipiendum
1239 734 1279 770 in
1296 733 1425 770 eodem
1444 733 1523 768 iure

205 795 431 832 Conceditur
455 798 501 831 26
527 795 719 831 Februarii
742 795 923 841 magistro
948 795 1047 842 Glyn
1073 797 1115 830 vt
1139 793 1320 830 admissio
1341 793 1423 828 eius
1447 795 1559 828 antea
1583 792 1684 828 facta
1708 791 1756 828 ad

299 855 554 902 incipiendum
572 855 611 890 in
629 855 815 891 medicina
831 855 994 891 sufficiat
1010 854 1044 890 ei
1065 865 1132 901 pro
1154 853 1351 900 completis
1372 852 1490 899 gradu
1506 854 1545 887 et
1561 852 1681 888 forma
1703 852 1758 887 ita

298 916 427 948 tamen
445 916 486 948 vt
508 912 728 948 convivetur
749 912 955 948 secundum
979 923 1121 947 morem
1143 910 1360 947 achademie
1384 915 1423 946 et
1445 910 1632 945 officiariis
1647 909 1756 945 satis-

299 971 412 1007 faciat
434 970 506 1007 sub
523 982 620 1018 pena
643 970 687 1006 1¹¹
709 971 747 1006 in
774 970 950 1006 manibus
968 973 1251 1016 procuratorum
1274 968 1530 1016 ponendamm
1552 971 1757 1015 antequam

299 1029 448 1065 fruatur
472 1029 542 1065 hac
566 1029 689 1076 gratia
716 1029 859 1075 (omnia
885 1029 1028 1076 peregit
1054 1029 1187 1076 mar-9.)

661 1274 968 1318 Bacchalaurei
1001 1274 1046 1317 in
1080 1273 1300 1330 theologia
1772 1282 1799 1321 f.
1823 1282 1869 1320 61
1887 1295 1912 1320 a

205 1406 432 1443 Conceditur
456 1410 497 1443 ll
521 1405 697 1442 Octobris
720 1406 900 1452 magistro
926 1405 1058 1452 Lakyn
1081 1408 1124 1440 vt
1144 1404 1314 1441 studium
1337 1408 1359 1439 5
1380 1416 1565 1440 annorum
1590 1405 1629 1440 in
1653 1405 1756 1441 theo-

299 1465 396 1512 logia
413 1468 614 1513 postquam
637 1465 774 1501 rexerit
791 1465 829 1500 in
852 1464 998 1500 artibus
1020 1476 1106 1500 cum
1130 1464 1430 1511 oppositionibus
1452 1465 1757 1511 responsionibus

299 1524 534 1560 sermonibus
562 1527 600 1560 et
628 1524 713 1560 aliis
745 1523 933 1559 exercitiis
959 1535 1027 1570 per
1060 1523 1175 1570 Regia
1199 1525 1347 1559 statuta
1374 1524 1567 1570 mquisitis
1594 1524 1757 1560 sufficiat

299 1583 333 1619 ei
350 1587 430 1620 tam
447 1583 495 1620 ad
512 1583 777 1631 opponendum
794 1595 907 1630 quam
925 1582 973 1618 ad
991 1582 1210 1618 intrandum
1228 1582 1266 1617 in
1284 1594 1390 1618 sacra
1405 1582 1591 1629 theologia

205 1642 346 1679 Eadem
378 1643 500 1690 gratia
531 1643 749 1679 conceditur
778 1646 823 1679 22
853 1642 1079 1679 Novembris
1106 1642 1286 1688 magistro
1314 1642 1479 1690 Jeffraye
1510 1654 1597 1678 cum
1629 1643 1757 1680 studio

299 1703 320 1740 7
345 1713 528 1738 annorum
554 1705 594 1738 et
618 1702 799 1748 magistro
823 1700 990 1736 Johanni
1018 1700 1234 1748 Pylkynton

205 1760 347 1797 Eadem
374 1761 497 1808 gratia
521 1761 739 1797 conceditur
765 1763 810 1796 28
844 1760 974 1796 Martii
1001 1760 1182 1806 magistro
1209 1759 1401 1796 Leonardo
1428 1759 1643 1808 Pylkynton
1669 1773 1755 1798 cum

298 1820 424 1857 studio
451 1823 495 1857 10
518 1832 703 1857 annorum

204 1878 431 1917 Conceditur
457 1883 501 1916 18
523 1881 667 1928 Aprilis
688 1880 868 1927 magistro
893 1879 1053 1916 Newton
1076 1882 1119 1915 vt
1141 1878 1311 1914 studium
1336 1881 1357 1913 5
1380 1890 1564 1916 annorum
1589 1880 1629 1916 in
1651 1880 1754 1916 theo·

298 1939 395 1987 logia
410 1944 613 1987 postquam
633 1941 770 1976 rexerit
792 1941 832 1976 in
854 1938 1002 1976 artibus
1023 1950 1110 1974 cum
1133 1938 1433 1985 oppositionibus
1455 1940 1694 1986 responsione
1715 1940 1755 1976 in

298 1999 360 2035 die
382 2000 621 2036 comitiorum
646 2000 900 2047 proximorum
925 1997 1161 2034 sermonibus
1184 2000 1224 2032 et
1247 1997 1332 2033 aliis
1355 1998 1542 2034 exercitiis
1566 2011 1633 2046 per
1656 2000 1758 2046 regia

299 2061 445 2095 statuta
476 2059 668 2106 requisitis
701 2058 936 2106 perficiendis
969 2058 1067 2093 infra
1098 2068 1242 2092 annum
1271 2061 1359 2103 post
1383 2058 1465 2093 eius
1490 2059 1756 2096 admissionem

299 2117 371 2152 sub
390 2129 486 2164 pena
509 2117 642 2164 viginti
666 2129 877 2154 marcarum
900 2116 1073 2164 ponenda
1095 2116 1134 2151 in
1160 2115 1336 2151 manibus
1358 2120 1643 2163 procuratorum
1668 2122 1757 2155 ante

299 2175 380 2212 eius
395 2175 660 2212 admissionem
673 2176 836 2213 sufficiat
852 2176 885 2211 ei
899 2178 979 2211 tam
996 2175 1044 2211 ad
1058 2175 1323 2222 opponendum
1340 2187 1454 2222 quam
1471 2177 1519 2213 ad
1536 2178 1756 2214 intrandum

299 2234 339 2270 in
361 2239 466 2271 sacra
488 2235 674 2282 theologia
722 2234 923 2270 Admissus
946 2236 991 2269 28
1013 2234 1037 2270 J
1041 2234 1120 2270 unii
1144 2234 1287 2280 (omnia
1303 2235 1446 2282 peregit
1462 2240 1600 2282 praeter
1616 2249 1755 2273 sermo-

300 2304 387 2329 nem
403 2293 451 2330 ad
467 2293 609 2330 clerum
626 2293 693 2340 qui
709 2293 883 2329 differtur
899 2304 1013 2340 quem
1030 2296 1161 2339 postea
1177 2293 1321 2340 peregit
1337 2295 1470 2342 marq.)

207 2351 432 2388 Conceditur
460 2355 506 2388 23
530 2352 554 2388 J
558 2352 638 2388 unii
664 2352 844 2398 magistro
870 2351 950 2387 Bell
975 2354 1018 2387 vt
1042 2351 1212 2387 studium
1240 2355 1262 2388 6
1291 2363 1475 2389 annorum
1503 2354 1542 2389 in
1571 2354 1757 2402 theologia

299 2414 500 2458 postquam
525 2411 662 2447 rexerit
684 2411 724 2447 in
748 2410 895 2447 artibus
917 2422 1004 2446 cum
1029 2410 1329 2457 oppositionibus
1353 2412 1658 2459 responsionibus
1681 2426 1756 2451 ser-

300 2469 474 2506 monibus
501 2473 541 2507 et
568 2470 654 2506 aliis
685 2470 872 2506 exercitiis
904 2482 972 2516 per
996 2470 1098 2516 regia
1123 2472 1271 2505 statuta
1299 2471 1493 2517 requisitis
1521 2473 1756 2518 perficiendis

300 2527 397 2564 infra
413 2539 555 2564 annum
572 2532 659 2576 post
677 2529 758 2565 eius
778 2528 1043 2564 admissionem
1066 2527 1138 2563 sub
1160 2539 1257 2575 pena
1273 2527 1333 2575 vj¹¹
1354 2529 1418 2576 xiij
1430 2541 1449 2565 s
1470 2529 1523 2576 iiij
1536 2530 1561 2566 d
1583 2533 1757 2578 ponenda

300 2586 340 2623 in
372 2588 548 2624 manibus
579 2591 865 2636 procuratorum
891 2591 980 2624 ante
1008 2588 1090 2624 eius
1121 2587 1388 2624 admissionem
1420 2589 1583 2626 sufficiat
1608 2592 1642 2627 ei
1675 2595 1756 2628 tam

300 2645 348 2682 ad
372 2646 636 2693 opponendum
660 2659 776 2694 quam
801 2646 850 2683 ad
874 2645 1095 2682 intrandum
1119 2645 1159 2681 in
1184 2658 1290 2682 sacra
1314 2646 1500 2694 theologia

208 2703 348 2740 Eadem
364 2705 486 2751 gratia
501 2705 718 2742 conceditur
732 2705 863 2742 eodem
879 2705 1060 2752 magistro
1077 2705 1204 2741 Fuller
1219 2717 1306 2742 cum
1328 2706 1455 2742 studio
1471 2710 1493 2742 5
1510 2719 1695 2746 annorum
1717 2715 1757 2747 et

301 2763 414 2800 simili
431 2775 528 2811 pena
575 2764 744 2800 Admissi
762 2766 807 2799 28
823 2763 848 2799 J
851 2764 931 2799 unii
1655 2764 1658 2768 '

208 2821 349 2857 Eadem
364 2823 484 2868 gratia
500 2823 719 2859 conceditur
730 2826 776 2859 29
789 2823 896 2859 Junii
910 2822 1090 2869 magistro
1103 2821 1264 2869 Clayton
1281 2834 1367 2859 cum
1381 2824 1508 2860 studio
1521 2826 1556 2872 vj
1571 2838 1756 2865 annorum

299 2883 339 2917 et
353 2881 469 2918 simili
486 2893 584 2929 pena
631 2882 833 2918 Admissus
849 2881 981 2918 eodem
