2008 3294
347 181 432 223 404
929 191 1081 223 GRAcE
1112 191 1236 223 Boou
1268 191 1298 223 Δ
1676 180 1900 236 [1585-86

346 297 389 330 21
425 295 598 331 Januarii
636 296 855 332 conceditur
888 294 974 331 cu'm
1011 307 1078 342 per
1113 295 1258 342 aliquot
1295 296 1370 332 iam
1405 307 1524 331 annos
1558 294 1726 342 proxime
1757 294 1903 341 elapsos

441 357 642 401 computus
681 355 862 390 cistarum
904 354 1143 390 intermissus
1183 357 1223 391 et
1261 355 1371 402 quasi
1411 354 1604 401 neglectus
1648 353 1762 390 fuerit
1804 352 1902 389 vnde

444 414 600 450 infamia
631 415 756 461 gravis
789 414 1028 450 vniuersitati
1062 414 1226 450 invritur
1256 413 1346 450 boni
1375 413 1446 450 viri
1479 413 1655 449 scandalo
1687 412 1903 448 afficiuntur

443 477 482 508 et
514 473 744 509 conscientia
775 473 1068 519 magistratuum
1099 474 1274 519 (quorum
1304 472 1391 509 fidei
1421 471 1624 519 reipublice
1653 474 1780 507 nostre
1812 481 1903 507 cura

443 535 482 568 et
514 532 737 578 gubernatio
769 532 1038 577 committitur)
1067 544 1143 568 non
1175 532 1308 568 leviter
1340 532 1523 579 pungitur
1554 531 1678 578 placet
1706 529 1814 567 vobis
1843 531 1902 576 (vt

442 591 589 636 singula
621 591 669 626 ad
702 594 876 638 optatum
910 594 948 627 et
976 590 1210 627 destinatum
1244 591 1414 627 ordinem
1442 590 1678 636 revocentur)
1707 593 1750 625 vt
1778 590 1903 624 vestra

442 649 670 685 auctoritate
699 649 875 688 dominus
899 649 1211 696 procancellarius
1240 649 1411 686 doctores
1435 649 1541 686 Goad
1571 650 1681 685 Some
1705 652 1744 684 et
1766 648 1903 684 Warde

443 709 615 755 magistri
634 709 847 745 Chaderton
872 709 1028 745 Barwell
1051 713 1091 745 et
1113 709 1254 757 Stokys
1276 710 1423 757 possint
1440 708 1570 745 audire
1586 711 1807 755 computum
1822 712 1903 744 tam

441 769 654 804 communis
686 780 802 815 quam
836 769 1006 805 omnium
1039 769 1200 806 aliarum
1233 770 1415 805 cistarum
1448 780 1515 816 pro
1547 768 1617 804 hoc
1650 779 1748 804 anno
1779 767 1834 804 sic
1861 769 1905 803 vt

441 826 619 863 dominus
640 828 955 874 procaneellarius
972 840 1070 864 vnus
1089 828 1221 865 doctor
1237 832 1276 865 et
1292 828 1367 865 duo
1384 829 1448 865 alii
1464 828 1513 864 ad
1530 828 1730 864 minimum
1747 826 1904 863 audiant

442 885 631 932 predictos
653 890 854 933 computus

153 939 180 977 f.
208 940 283 977 150
304 939 329 976 b
347 944 574 980 Conceditur
598 947 642 981 16
667 944 883 980 Decembris
905 944 963 980 Jo.
987 945 1141 981 Bacster
1165 945 1309 982 bedello
1327 947 1369 981 vt
1391 945 1415 981 J
1418 957 1450 982 o.
1471 945 1627 982 Bacster
1648 945 1767 981 filium
1790 955 1902 980 suum

441 1003 672 1039 substituere
699 1004 819 1050 possit
846 1004 914 1051 qui
941 1004 1022 1040 eius
1052 1016 1192 1040 munus
1219 1004 1332 1040 obeat
1356 1015 1477 1051 quum
1501 1016 1591 1040 vsus
1616 1003 1689 1040 erit
1713 1014 1830 1049 vsque
1855 1001 1904 1038 ad

442 1062 582 1098 festum
616 1063 891 1110 purificationis
926 1063 1140 1110 proximum
1179 1064 1235 1099 ita
1269 1068 1397 1100 tamen
1431 1066 1474 1100 vt
1510 1064 1591 1110 ipse
1624 1063 1664 1099 in
1700 1061 1905 1099 maioribus

442 1119 632 1156 academie
655 1120 779 1156 causis
804 1120 986 1157 interesse
1010 1123 1187 1156 teneatur
1209 1120 1258 1157 ad
1283 1120 1466 1167 placitum
1491 1119 1769 1168 procancellarii

349 1178 577 1214 Conceditur
602 1181 661 1214 11⁰
681 1178 876 1215 Februarii
900 1179 1081 1225 magistro
1105 1179 1250 1215 Thome
1272 1179 1437 1215 Thomas
1459 1182 1503 1215 vt
1523 1179 1576 1215 sit
1597 1191 1694 1215 vnus
1716 1190 1760 1214 ex
1782 1177 1904 1215 tribus

443 1237 579 1273 vestris
605 1237 787 1273 librorum
813 1237 1102 1285 impressoribus
1128 1249 1215 1274 cum
1240 1237 1417 1274 omnibus
1441 1237 1646 1285 privilegiis
1669 1236 1810 1274 eisdem
1834 1236 1903 1272 im-

443 1295 678 1342 pressoribus
710 1297 897 1333 concessis
929 1297 983 1333 sic
1016 1299 1059 1332 vt
1095 1308 1208 1344 super
1244 1297 1316 1333 hac
1349 1299 1475 1334 vestra
1506 1296 1743 1333 concessione
1774 1295 1903 1332 literas

443 1354 582 1391 habeat
606 1356 790 1402 sigillatas
813 1356 936 1403 sigillo
960 1361 1086 1392 vestro
1110 1356 1301 1392 communi

352 1413 491 1449 Eodem
524 1414 742 1451 conceditur
795 1414 892 1451 Cum
927 1414 1182 1451 Londinenses
1214 1413 1396 1450 librorum
1429 1413 1671 1461 impressores
1703 1413 1903 1450 inciviliter

442 1472 654 1509 abvtuntur
685 1477 725 1510 et
759 1477 887 1510 nostra
919 1478 958 1510 et
992 1473 1195 1510 Oxoniensi
1230 1473 1422 1509 academia
1455 1476 1494 1509 et
1526 1472 1642 1508 libros
1675 1473 1714 1508 in
1744 1476 1902 1519 vtraque

444 1532 636 1569 academia
659 1533 859 1580 impressos
882 1533 920 1568 in
944 1533 1144 1580 pernitiem
1167 1540 1381 1568 nostrorum
1405 1532 1673 1579 impressorum
1694 1532 1795 1568 omni
1815 1543 1902 1567 cum
1969 1575 1972 1578 ἢ

445 1591 688 1626 festinacione
721 1591 947 1638 imprimunt
979 1591 1105 1627 Placet
1133 1589 1241 1626 vobis
1269 1589 1438 1637 exemplo
1467 1589 1690 1626 Oxoniensis
1714 1589 1903 1626 academie

445 1652 612 1685 statuere
636 1661 682 1686 ue
706 1650 909 1697 quisquam
933 1649 1219 1696 bibliopolarum
1243 1651 1458 1684 nostrorum
1479 1647 1529 1684 ab
1554 1648 1628 1684 isto
1652 1647 1714 1685 die
1737 1649 1776 1684 in
1802 1648 1902 1684 futu—

445 1719 530 1743 rum
553 1712 621 1744 aut
643 1712 745 1744 emat
770 1709 861 1756 liget
885 1713 953 1745 aut
975 1708 1183 1745 venditioni
1206 1711 1369 1755 exponat
1391 1707 1555 1754 aliquem
1577 1707 1718 1744 librum
1743 1706 1903 1744 Londini

441 1771 510 1803 aut
538 1767 628 1803 alibi
662 1767 761 1804 infra
790 1780 947 1815 regnum
977 1768 1113 1815 Anglie
1142 1768 1368 1815 impressum
1398 1767 1464 1815 qui
1493 1771 1561 1804 aut
1594 1767 1654 1804 hic
1682 1767 1740 1804 vcl
1769 1767 1902 1804 Oxonii

443 1827 517 1863 fuit
550 1828 756 1874 impressus
787 1831 856 1863 aut
884 1827 1061 1875 deinceps
1093 1827 1334 1874 imprimetur
1366 1826 1438 1863 sub
1471 1838 1568 1873 pena
1600 1826 1700 1863 exilii
1733 1827 1904 1874 perpetui

442 1891 481 1923 ct
514 1887 780 1923 confiscatione
813 1887 995 1923 librorum
1029 1886 1247 1923 huiusmodi
1313 1887 1364 1923 Et
1397 1887 1551 1934 insuper
1582 1897 1629 1922 ne
1662 1885 1759 1923 vllus
1792 1886 1904 1922 huius

442 1945 631 1982 academie
665 1945 843 1982 alumnus
879 1950 918 1982 et
956 1946 1016 1982 hic
1054 1946 1173 1982 literis
1210 1945 1361 1982 deditus
1395 1945 1486 1982 dum
1523 1957 1664 1982 moram
1701 1945 1830 1982 trahat
1863 1945 1902 1981 in

443 2007 573 2039 nostra
602 2004 850 2040 vniuersitate
882 2007 985 2040 emat
1018 2004 1184 2051 aliquem
1218 2003 1357 2039 librum
1390 2002 1607 2039 huiusmodi
1642 2003 1801 2039 Londini
1834 2005 1903 2039 aut

442 2061 531 2098 alibi
558 2062 612 2098 sic
637 2062 862 2109 impressum
888 2062 996 2099 cuius
1021 2063 1129 2110 copia
1154 2062 1211 2100 vel
1237 2062 1298 2098 hic
1322 2065 1390 2098 aut
1415 2061 1550 2098 Oxonii
1576 2061 1678 2109 prelo
1702 2062 1903 2098 commissa

445 2121 517 2157 fuit
539 2124 607 2157 aut
629 2121 703 2157 erit
725 2120 797 2157 sub
820 2133 917 2168 pena
943 2121 1195 2158 inobedientis
1220 2123 1259 2158 et
1283 2121 1485 2157 amissione
1509 2120 1695 2158 dictorum
1721 2120 1900 2158 librorum

444 2191 640 2226 quousque
674 2179 784 2216 aliter
817 2191 884 2227 per
916 2179 1147 2216 academiam
1182 2180 1404 2217 decernetur
1439 2179 1590 2216 Proviso
1623 2191 1770 2227 semper
1802 2179 1903 2227 quod

445 2239 686 2286 impressores
720 2239 837 2275 nostri
873 2251 947 2275 uon
983 2239 1102 2286 pluris
1135 2238 1301 2276 vendant
1334 2238 1500 2286 aliquem
1533 2238 1670 2275 librum
1705 2250 1771 2286 per
1803 2239 1904 2287 ipsos

445 2298 670 2345 impressum
705 2309 819 2345 quam
857 2297 1099 2335 estimabitur
1135 2310 1201 2346 per
1236 2297 1432 2335 dominum
1468 2297 1800 2345 procancellarium
1836 2310 1903 2346 pro

446 2360 614 2403 tempore
655 2356 880 2393 existentem
918 2358 957 2393 et
993 2356 1158 2404 reliquos
1199 2356 1414 2393 nominatos
1451 2356 1489 2393 iu
1526 2356 1696 2393 articulis
1733 2356 1902 2404 magistri

445 2414 589 2451 'rhomo
615 2414 780 2451 Thomas

353 2472 581 2509 (hmccditur
605 2472 735 2509 codem
763 2473 942 2521 magistro
968 2474 1137 2510 Antonio
1168 2473 1268 2510 Maxi
1296 2473 1357 2510 die
1383 2473 1621 2510 comitiorum
1649 2474 1901 2521 proximorum

448 2531 711 2579 preteritorum
730 2534 897 2579 tempore
914 2532 1116 2569 creationis
1132 2531 1267 2569 absens
1285 2532 1369 2579 (sic)
1384 2534 1426 2568 vt
1442 2532 1562 2579 possit
1579 2532 1615 2568 in
1635 2534 1770 2568 senatu
1786 2532 1902 2569 creari

446 2594 486 2625 ct
502 2588 670 2626 obtinere
687 2590 944 2627 senioritateni
962 2594 1002 2627 et
1019 2590 1140 2627 locum
1159 2602 1226 2639 per
1243 2594 1388 2639 patrem
1406 2591 1639 2638 assignatum
1656 2590 1710 2627 sic
1724 2593 1766 2627 vt
1781 2590 1903 2628 solvat

448 2648 685 2685 vniucrsitati
710 2654 800 2686 ante
823 2649 1051 2686 creationem
1077 2649 1173 2698 xiijs
1198 2649 1289 2697 iiijd

353 2707 581 2745 ‹Jouceditur
604 2710 645 2744 21
674 2707 764 2744 Maii
789 2708 969 2756 magistro
993 2708 1084 2745 Tho.
1105 2709 1266 2756 Egerton
1289 2711 1328 2745 et
1352 2708 1452 2746 Edw.
1472 2708 1595 2746 Oooke
1615 2708 1845 2756 jurisperitis
1862 2711 1905 2745 vt

446 2768 526 2804 sint
550 2767 597 2804 de
625 2767 780 2804 consilio
808 2768 1069 2805 vniuersitatis
1094 2771 1134 2805 et
1162 2780 1228 2816 pro
1252 2767 1376 2805 labore
1401 2779 1470 2805 suo
1495 2767 1693 2804 annuatim
1721 2767 1903 2815 recipiant

447 2826 496 2863 ab
531 2826 722 2864 malcinis.
759 2839 825 2876 per
862 2839 997 2865 manus
1033 2827 1176 2865 domini
1214 2827 1491 2876 procaneellarii
1529 2827 1594 2875 qui
1631 2838 1699 2875 pro
1736 2831 1903 2875 tempore

447 2886 561 2923 fucrit
585 2886 722 2935 singuli
749 2887 814 2924 xls
840 2887 967 2935 legalis
993 2891 1141 2925 monete
1163 2887 1298 2935 Anglie
1322 2886 1370 2924 ad
1395 2887 1535 2924 festum
1561 2886 1682 2924 sancti
1708 2885 1903 2923 Michaelis
