2008 3216
320 163 405 206 120
900 172 1053 205 omen
1083 172 1208 206 Boon
1239 173 1269 205 Δ
1644 159 1863 218 [1556-57

775 511 1087 555 Bacchalaurei
1118 511 1164 554 in
1196 510 1415 568 theologia

318 637 364 674 In
384 638 519 685 primis
538 637 756 673 conceditur
772 637 952 683 magistro
970 636 1121 684 Parkyn
1138 640 1181 672 vt
1197 635 1368 672 studium
1385 637 1406 673 7
1423 647 1609 690 annorum
1625 636 1666 671 in
1681 635 1869 682 theologia

411 700 615 744 postqu
637 697 775 732 rexerit
797 697 837 732 in
859 696 1007 732 artibus
1029 709 1116 733 cum
1138 696 1285 733 duobus
1307 695 1542 732 sermonibus
1561 707 1635 732 vno
1656 695 1705 732 ad
1726 695 1867 732 clerum

410 757 529 792 altero
553 756 600 792 ad
626 768 775 792 crucem
802 755 908 792 Pauli
932 760 971 792 et
996 768 1083 792 cum
1105 768 1180 792 vna
1203 755 1443 803 responsione
1464 755 1524 792 vel
1545 754 1717 803 pluribus
1738 755 1771 791 si
1794 755 1868 790 exi-

410 819 550 862 gantur
574 815 763 851 sufficiant
787 815 821 850 ei
845 814 894 851 ad
918 814 1139 851 intrandum
1161 815 1201 850 in
1224 814 1339 851 libros
1361 815 1635 852 sententiarum
1685 814 1746 850 Sic
1767 813 1868 861 quod

410 874 639 910 admittatur
660 873 709 910 ad
731 873 996 921 opponendum
1019 874 1116 910 citra
1138 874 1277 910 festum
1300 874 1470 910 omnium
1492 878 1709 910 sanctorum
1731 877 1770 909 et
1792 875 1870 909 stet

410 945 602 980 opponens
618 945 737 980 vsque
753 933 801 969 ad
817 933 959 969 festum
976 932 1148 969 Barnabe
1536 926 1538 928 ’

317 992 415 1028 Item
438 992 657 1028 conceditur
678 993 859 1039 magistro
876 991 977 1039 Grey
993 994 1036 1028 vt
1056 991 1227 1028 studium
1252 995 1272 1030 7
1289 1004 1474 1028 annorum
1496 992 1536 1028 in
1558 991 1745 1038 theologia
1766 996 1866 1039 post-

410 1063 525 1098 quam
548 1052 686 1087 rexerit
707 1052 747 1087 in
770 1051 917 1087 artibus
933 1063 1009 1088 vna
1030 1063 1117 1088 cum
1140 1051 1288 1088 duobus
1310 1052 1545 1088 sermonibus
1561 1064 1635 1088 vno
1657 1051 1706 1088 ad
1727 1051 1867 1087 clerum

409 1110 528 1146 altero
560 1110 607 1146 ad
642 1122 791 1146 crucem
831 1110 937 1146 Pauli
970 1114 1011 1146 et
1042 1123 1130 1146 cum
1162 1123 1237 1147 vna
1268 1112 1509 1158 responsione
1541 1111 1600 1147 vel
1631 1110 1804 1158 pluribus
1836 1110 1868 1146 si

409 1169 608 1215 exigantur
635 1168 799 1204 sufficiat
826 1169 861 1204 ei
888 1168 936 1204 ad
963 1169 1227 1215 opponendum
1256 1173 1295 1205 et
1323 1169 1544 1206 intrandum
1572 1170 1611 1205 in
1640 1169 1755 1205 libros
1783 1181 1870 1205 sen-

408 1229 617 1264 tentiarum
666 1228 728 1264 Sic
753 1228 854 1274 quod
879 1228 1109 1264 admittatur
1132 1228 1181 1264 ad
1205 1229 1470 1276 opponendum
1496 1228 1594 1265 infra
1620 1232 1698 1265 tres
1721 1240 1870 1265 menses

409 1290 448 1323 et
473 1290 550 1323 stet
574 1299 768 1334 opponens
791 1299 910 1334 vsque
934 1287 983 1323 ad
1007 1288 1147 1337 festum
1172 1287 1343 1324 Barnabe

313 1345 454 1381 Eadem
471 1347 593 1392 gratia
609 1345 656 1382 de
672 1345 786 1382 verbo
803 1346 843 1381 in
861 1345 1018 1382 verbum
1034 1346 1253 1383 conceditur
1270 1348 1448 1394 magistro
1466 1347 1634 1383 Malham

314 1404 413 1441 Item
436 1405 654 1442 conceditur
677 1406 857 1453 magistro
881 1406 973 1442 Lees
990 1409 1032 1443 vt
1054 1406 1224 1442 studium
1244 1410 1288 1442 12
1304 1419 1489 1443 annorum
1506 1407 1546 1442 in
1564 1407 1749 1454 theologia
1765 1411 1867 1454 post-

407 1475 524 1510 quam
546 1464 685 1500 rexerit
708 1464 747 1499 in
771 1463 918 1500 artibus
935 1475 1010 1500 vna
1031 1475 1118 1499 cum
1140 1463 1288 1500 duobus
1310 1465 1544 1501 sermonibus
1561 1476 1635 1500 vno
1657 1464 1703 1500 ad
1726 1465 1867 1500 clerum

407 1522 526 1559 altero
559 1522 607 1559 ad
640 1534 787 1558 crucem
829 1522 936 1558 Pauli
969 1526 1008 1558 et
1040 1534 1128 1559 cum
1162 1535 1236 1559 vna
1267 1524 1507 1571 responsione
1540 1523 1598 1560 vel
1630 1523 1802 1571 pluribus
1835 1523 1867 1559 si

408 1582 606 1629 exigantur
628 1582 818 1618 sufficiant
842 1582 876 1618 ei
902 1582 951 1618 ad
978 1582 1243 1630 opponendum
1269 1587 1309 1620 et
1334 1583 1555 1620 intrandum
1581 1584 1621 1620 in
1645 1582 1760 1619 libros
1784 1595 1866 1620 sen-

407 1641 615 1677 tentiarum
681 1640 743 1676 Sic
775 1640 876 1687 quod
908 1641 1137 1678 admittatur
1168 1642 1266 1678 infra
1298 1654 1465 1679 mensem
1497 1647 1536 1679 et
1568 1646 1644 1679 stet
1676 1654 1868 1690 opponens

407 1711 526 1747 vsque
549 1699 598 1736 ad
623 1700 763 1736 festum
790 1700 960 1737 Barnabe

314 1759 412 1795 Item
439 1759 681 1807 dispensatur
706 1771 792 1796 cum
819 1760 1025 1797 reuerendo
1050 1760 1204 1797 domino
1229 1761 1454 1798 Cicestrensi
1480 1761 1597 1797 electo
1623 1772 1691 1808 pro
1717 1772 1866 1808 respon-

407 1819 511 1854 sione
534 1830 603 1855 sua
625 1818 673 1855 ad
696 1831 812 1866 quam
835 1823 987 1855 tenetur
1008 1820 1157 1856 racione
1178 1819 1316 1867 gradus
1338 1819 1596 1856 bacchalaurei
1620 1819 1659 1855 in
1682 1819 1868 1866 theologia

407 1890 474 1925 per
497 1890 584 1914 eum
609 1878 774 1926 suscepti
797 1879 977 1925 quoniam
1002 1882 1086 1915 tum
1109 1882 1263 1926 propter
1286 1890 1485 1926 personam
1507 1890 1622 1926 quam
1647 1890 1747 1914 nunc
1770 1878 1867 1925 gerit

408 1939 491 1970 tum
530 1938 684 1981 propter
715 1934 891 1971 morbum
928 1947 1004 1983 quo
1046 1934 1193 1972 laborat
1230 1935 1323 1972 illud
1360 1936 1483 1972 oneris
1515 1934 1642 1971 subire
1674 1934 1868 1971 commode

408 2005 483 2029 non
508 1996 635 2041 potest

153 2282 179 2323 ί.
203 2282 253 2323 47
269 2283 293 2322 b
915 2287 983 2332 De
1013 2287 1263 2332 doctoribus

927 2448 980 2492 In
1012 2448 1106 2493 iure
1137 2449 1258 2494 ciuili

312 2590 409 2627 Item
438 2590 656 2627 conceditur
684 2590 864 2638 magistro
894 2590 1047 2639 Mytohe
1073 2594 1116 2628 vt
1143 2591 1313 2629 studium
1342 2591 1470 2629 decem
1499 2604 1686 2631 annorum
1714 2594 1754 2631 in
1784 2596 1865 2633 iure

402 2649 503 2685 ciuili
538 2653 737 2697 postquam
772 2650 909 2687 rexerit
942 2650 981 2687 in
1015 2649 1164 2688 artibus
1195 2651 1359 2688 sufficiat
1390 2651 1425 2688 ei
1458 2651 1506 2688 ad
1540 2652 1795 2700 incipiendum
1824 2655 1864 2691 in

405 2707 534 2744 eodem
563 2708 642 2745 iure

312 2765 409 2802 Item
436 2765 654 2803 conceditur
688 2766 866 2814 magistro
897 2766 989 2803 Yalo
1019 2771 1061 2804 vt
1093 2767 1263 2805 studium
1299 2768 1470 2805 vndecim
1500 2781 1686 2807 annorum
1715 2771 1755 2808 in
1784 2772 1864 2810 iure

403 2824 504 2861 ciuili
540 2829 739 2873 postquam
774 2826 911 2863 rexerit
945 2826 983 2863 in
1018 2826 1164 2864 artibus
1198 2828 1361 2864 sufficiat
1389 2829 1422 2865 ei
1456 2829 1504 2866 ad
1539 2829 1794 2878 incipiendum
1824 2832 1863 2868 in

404 2884 533 2921 eodem
562 2885 640 2922 iure
