2046 3224
193 156 410 215 1548-49]
773 168 925 201 omos·
957 168 1080 201 BOOK
1111 169 1141 200 Δ
1686 160 1740 202 59

193 273 291 310 Item
313 273 529 310 conceditur
551 273 704 309 domino
727 272 838 320 Hyde
859 275 903 310 vt
923 285 988 309 sex
1010 273 1162 309 termini
1186 275 1272 320 post
1293 272 1443 309 finalem
1465 273 1546 309 eius
1567 273 1741 309 determi-

285 332 476 368 nationem
509 332 548 368 in
577 331 716 379 quibus
745 332 923 368 lectiones
951 332 1158 368 ordinarias
1190 331 1340 368 audiuit
1367 332 1456 367 licet
1483 343 1558 367 non
1588 333 1741 368 omnino

284 391 490 427 secundum
515 391 674 427 formam
701 391 839 428 statuti
861 403 947 428 cum
972 391 1095 428 tribus
1118 390 1424 438 responsionibus
1448 391 1640 437 requisitis
1664 391 1739 426 suf-

284 450 412 486 ficiant
435 450 468 485 ei
493 449 542 486 ad
567 449 822 497 incipiendum
846 449 885 486 in
911 449 1056 486 artibus

307 661 528 705 Numerus
560 662 863 719 magistrorum
896 662 939 704 in
972 661 1137 704 artibus
1167 661 1292 704 iuxta
1321 661 1616 704 senioritatem

647 784 659 807 ¹
668 783 834 819 Mahewe
1079 783 1262 819 Bateman

664 842 882 890 Raymonde
1074 836 1177 879 'Sone

661 902 901 950 Pylkyngton
1079 902 1247 940 Malham

665 961 809 1008 Morley
1082 961 1156 997 Bee

663 1020 766 1056 Salte
1081 1019 1279 1056 Cockrofte

663 1079 788 1115 Ethell
1082 1079 1283 1127 Barwycke

663 1138 774 1185 Hyde
1080 1138 1202 1184 Kinge

662 1198 764 1245 Gray
1079 1197 1226 1244 Squyre

660 1256 970 1304 Orphystraunge
1079 1256 1234 1303 Wylson

663 1315 791 1362 Rabye
1080 1314 1103 1350 J
1107 1315 1251 1351 honson

664 1373 792 1409 Raven
1081 1373 1199 1421 Bayly

663 1432 811 1468 Horton
1080 1431 1253 1479 Haryson

661 1491 862 1528 Edwardes
1080 1491 1179 1539 Boys

191 1611 287 1648 Item
306 1610 522 1648 conceditur
536 1611 688 1648 domino
704 1611 860 1659 Wylson
880 1614 922 1647 vt
944 1623 1007 1647 sex
1025 1612 1176 1648 termini
1200 1615 1286 1660 post
1303 1613 1453 1649 finalem
1469 1614 1550 1650 eius
1566 1614 1740 1651 determi-
1758 1618 1785 1656 f,
1811 1619 1861 1656 24
1882 1620 1907 1656 b

285 1671 478 1706 nacionem
507 1671 546 1706 in
575 1670 713 1717 quibus
745 1671 921 1707 lectiones
950 1670 1156 1707 ordinarias
1189 1672 1338 1707 audiuit
1370 1672 1457 1708 licet
1486 1685 1560 1708 non
1590 1674 1742 1709 omnino

284 1730 490 1766 secundum
513 1730 670 1766 formam
693 1731 829 1766 statuti
847 1742 932 1766 cum
956 1729 1079 1766 tribus
1102 1732 1406 1777 responsionibus
1428 1733 1617 1769 sufficiant
1639 1734 1672 1769 ei
1693 1733 1741 1770 ad

285 1789 539 1836 incipiendum
557 1790 596 1825 in
613 1789 758 1826 artibus

192 1847 290 1883 Item
314 1847 530 1884 conceditur
553 1848 674 1884 eidem
698 1852 740 1884 vt
763 1848 795 1884 si
821 1860 842 1884 e
866 1849 990 1895 patria
1015 1860 1089 1884 non
1114 1849 1266 1885 redierit
1290 1853 1379 1886 ante
1401 1850 1594 1886 commitia
1622 1851 1741 1898 possit

284 1906 358 1943 frui
383 1907 502 1954 gratia
526 1920 550 1944 a
574 1907 680 1944 vobis
703 1920 878 1944 concessa
926 1909 977 1944 Et
999 1909 1117 1956 possit
1140 1909 1293 1945 admitti
1316 1922 1402 1946 cum
1426 1911 1570 1946 venerit
1591 1914 1631 1946 et
1652 1922 1738 1946 eum

284 1970 410 2003 tenere
434 1967 602 2004 ordinem
626 1979 738 2015 quem
764 1972 1022 2015 procuratores
1045 1969 1318 2015 assignaverint
1367 1970 1428 2005 Ita
1453 1973 1495 2006 vt
1519 1970 1740 2006 conviuetur

283 2038 370 2062 cum
394 2027 528 2063 ceteris

193 2085 291 2121 Item
319 2085 537 2122 conceditur
564 2086 716 2122 domino
744 2086 840 2122 Sone
866 2089 908 2122 vt
936 2088 959 2122 6
987 2086 1139 2122 termini
1167 2090 1252 2133 post
1282 2087 1432 2123 finalem
1456 2088 1537 2124 eius
1564 2088 1737 2126 determi-

284 2145 474 2181 nationem
502 2145 542 2181 in
574 2145 712 2192 quibus
743 2145 920 2181 lectiones
948 2145 1155 2182 ordinarias
1182 2146 1331 2183 audiuit
1362 2146 1450 2183 licet
1482 2159 1557 2183 non
1587 2150 1740 2184 omnino

282 2205 488 2242 secundum
504 2205 663 2241 formam
685 2205 821 2241 statuti
844 2217 930 2241 cum
953 2206 1076 2242 tribus
1097 2206 1400 2253 responsionibus
1422 2207 1610 2244 sufficiant
1633 2209 1666 2244 ei
1692 2209 1740 2244 ad

285 2262 539 2310 incipiendum
557 2263 596 2299 in
613 2262 760 2299 artibus

189 2321 331 2358 Eadem
352 2323 472 2369 gratia
493 2322 540 2359 de
557 2322 670 2359 verbo
692 2323 731 2358 in
749 2323 904 2359 verbum
927 2323 1143 2360 conceditur
1165 2324 1328 2360 dominis
1349 2324 1683 2372 Orphynstraunge
1703 2331 1742 2362 et

285 2379 405 2427 Boyes
420 2382 460 2416 et
477 2380 644 2416 Malham

190 2437 289 2475 Item
306 2439 521 2476 conceditur
536 2439 688 2476 domino
706 2439 925 2487 Raymonde
939 2443 980 2476 vt
997 2443 1019 2477 6
1038 2441 1189 2476 termini
1207 2444 1293 2488 post
1309 2441 1459 2477 finalem
1472 2442 1553 2478 eius
1565 2443 1739 2479 determi-

284 2498 476 2534 nationem
509 2498 685 2546 completi
718 2511 804 2535 cum
843 2499 965 2536 tribus
998 2500 1302 2547 responsionibus
1337 2501 1542 2538 secundum
1581 2503 1739 2539 formam

283 2556 420 2592 statuti
444 2556 633 2592 sufficiant
656 2557 691 2593 ei
715 2557 763 2593 ad
788 2557 1044 2605 incipiendum
1070 2559 1109 2594 in
1133 2558 1281 2595 artibus

190 2615 288 2652 Item
317 2615 533 2652 conceditur
559 2615 711 2652 domino
741 2616 875 2664 Kynge
903 2621 945 2652 vt
978 2621 1141 2664 quatuor
1173 2618 1325 2654 termini
1358 2622 1444 2666 post
1477 2619 1626 2656 finalem
1659 2621 1739 2656 eius

282 2674 633 2711 determinationem
659 2676 699 2711 in
727 2675 798 2712 hac
824 2676 1069 2712 vniuersitate
1097 2681 1136 2713 et
1164 2677 1334 2713 studium
1363 2682 1527 2724 quatuor
1553 2691 1738 2715 annorum

283 2732 437 2770 Oxoniis
453 2745 539 2769 cum
555 2733 859 2781 responsionibus
876 2734 1067 2781 requisitis
1089 2734 1278 2770 sufficiant
1296 2735 1330 2770 ei
1352 2735 1400 2771 ad
1422 2736 1677 2783 incipiendum
1699 2738 1738 2773 in

281 2791 428 2828 artibus

256 2884 268 2905 ¹
292 2883 404 2917 These
419 2894 539 2918 names
555 2895 613 2918 are
628 2886 798 2927 arranged
815 2886 979 2928 sideways
995 2887 1100 2928 along
1114 2887 1175 2919 the
1190 2887 1322 2920 bottotn
1339 2887 1423 2929 edge
1438 2888 1476 2920 οἰ
1489 2888 1550 2920 the
1565 2898 1662 2931 page.
