2046 3224
355 173 412 216 54
937 180 1090 214 ciues
1119 182 1244 214 BOOK
1276 181 1306 213 Δ
1683 169 1904 226 [1547-48

355 287 453 324 Cum
469 288 509 323 in
527 287 672 334 garario
689 290 814 323 vestro
837 285 987 333 publico
1010 285 1105 321 nihil
1121 285 1173 321 sit
1190 285 1346 332 pecunie
1368 287 1407 321 et
1428 285 1647 331 gravissime
1669 284 1778 319 hodie
1795 293 1906 319 cause

450 346 646 382 tractande
675 347 753 382 sint
781 346 928 392 placeat
955 344 1063 381 vobis
1089 348 1131 380 vt
1160 356 1251 380 crux
1277 344 1536 380 vniuersitatis
1569 343 1679 379 vendi
1714 343 1834 390 possit
1866 342 1906 377 in

452 417 562 441 vsum
588 408 627 441 et
654 404 894 441 commodum
923 403 1139 439 achademie
1167 415 1234 450 per
1265 403 1460 439 dominum
1490 402 1835 439 vicecancellarium
1868 404 1908 436 et

453 465 683 512 prepositum
702 464 845 510 collegii
864 463 964 499 Petri
981 462 1288 509 quandoquidem
1305 463 1386 498 eius
1403 474 1492 498 vsus
1508 462 1619 498 hodie
1635 461 1762 497 nullus
1778 460 1908 496 existit

360 523 459 558 Item
481 522 700 558 conceditur
722 525 765 558 vt
785 521 970 557 terminus
992 520 1172 556 hodierno
1191 520 1252 556 die
1268 520 1423 556 dissolui
1441 521 1562 567 possit
1578 532 1695 567 vsque
1711 519 1759 556 ad
1777 519 1906 555 crasti-

454 593 546 616 num
566 581 700 617 Hilarii
718 581 828 627 sic-vt
844 580 1149 626 congregationes
1165 583 1204 615 et
1221 591 1410 616 semones
1426 579 1474 616 ad
1490 579 1630 616 clerum
1649 579 1802 615 interim
1815 579 1908 615 fiant

455 644 495 676 et
534 640 812 687 disputationes
853 638 974 675 fiende
1008 641 1193 685 tanquam
1226 639 1323 675 facte
1362 643 1586 675 censeantur
1626 643 1706 675 tam
1746 650 1821 684 quo
1861 637 1909 673 ad

455 699 654 746 magistros
678 699 938 745 disputaturos
961 709 1076 744 quam
1101 709 1177 744 quo
1201 697 1249 733 ad
1275 697 1436 734 bedellos

363 758 461 794 Item
490 757 710 794 conceditur
730 762 773 793 vt
794 757 972 793 dominus
991 757 1316 793 vicecancellarius
1340 760 1379 793 et
1403 757 1616 804 prepositus
1640 755 1782 802 collegii
1811 755 1911 791 Petri

455 816 622 852 habeant
638 819 803 852 vestram
828 815 1102 851 authoritatem
1125 815 1314 851 tractandi
1339 827 1471 851 causas
1494 817 1637 851 vestras
1660 814 1819 850 Londini
1845 825 1912 860 pro

456 876 739 912 confirmatione
755 874 1035 922 privilegiorum
1052 877 1092 909 et
1115 873 1250 910 deferri
1275 886 1401 910 secum
1423 874 1607 921 quasdam
1630 873 1780 909 chartas
1802 872 1914 919 privi—

458 936 638 982 legiorum
655 947 729 982 que
745 947 814 982 pro
830 934 990 981 negotiis
1006 934 1144 970 vestris
1160 934 1215 970 eis
1232 933 1462 970 videbuntur
1479 933 1641 969 maxime
1658 932 1863 968 necessarie

196 1049 222 1086 f.
247 1048 297 1086 22
318 1046 346 1085 b
366 1052 464 1088 Item
488 1051 705 1088 conceditur
721 1054 764 1087 vt
780 1050 989 1098 disputatio
1010 1050 1217 1096 theologica
1237 1049 1408 1086 habenda
1430 1049 1531 1085 inter
1552 1049 1741 1085 doctorem
1767 1048 1851 1095 Byll
1876 1051 1915 1083 et

460 1110 683 1156 magistrum
718 1110 835 1145 Perne
868 1110 908 1145 in
945 1109 1150 1145 commitiis
1182 1108 1363 1155 proximis
1395 1110 1472 1144 stet
1503 1107 1653 1155 vtrique
1685 1119 1815 1144 eorum
1847 1119 1915 1155 pro

459 1169 718 1215 disputatione
750 1175 790 1203 et
822 1168 1062 1215 responsione
1094 1167 1142 1203 ad
1175 1179 1270 1214 quas
1302 1170 1481 1203 tenentur
1508 1167 1653 1202 ratione
1681 1167 1818 1213 gradus
1850 1178 1917 1214 per

460 1227 611 1263 eosdem
636 1239 736 1262 anno
760 1227 942 1274 superiori
968 1226 1134 1273 suscepti

369 1287 467 1322 Item
496 1285 715 1322 conceditur
743 1289 786 1322 vt
814 1284 1046 1321 venerabiles
1073 1285 1143 1321 viri
1173 1285 1375 1332 subscripti
1407 1288 1464 1329 vt3
1494 1285 1552 1321 W.
1585 1285 1717 1331 Pagett
1745 1296 1917 1321 summus

463 1345 698 1380 Senestallus
726 1344 955 1380 Achademie
980 1344 1037 1380 W.
1066 1344 1190 1380 Meius
1220 1344 1384 1380 decanus
1416 1343 1496 1379 diui
1521 1343 1626 1379 Pauli
1654 1343 1722 1379 Th.
1750 1343 1918 1390 Wendye

463 1403 631 1440 medicus
661 1403 774 1449 Regie
801 1403 1014 1439 Maiestatis
1043 1403 1111 1438 Th.
1144 1402 1303 1450 Smythe
1331 1402 1483 1438 domino
1513 1402 1718 1438 Protectori
1748 1414 1770 1438 a
1796 1402 1919 1438 causis

463 1463 662 1500 audiendis
679 1463 736 1499 W.
756 1463 881 1510 Oysell
898 1463 1050 1499 domino
1074 1463 1280 1498 Protectori
1302 1474 1325 1498 a
1342 1462 1535 1509 requisitis
1550 1466 1590 1498 et
1605 1461 1663 1498 Jo.
1682 1461 1808 1498 Cheke
1825 1462 1922 1498 alter

464 1524 737 1559 instructorum
762 1522 904 1559 domini
930 1523 1041 1570 Regis
1063 1522 1229 1559 habeant
1253 1521 1525 1558 authoritatem
1547 1533 1614 1569 per
1631 1522 1759 1557 literas
1777 1525 1921 1558 vestras

465 1582 734 1619 attornatorias
766 1582 887 1628 sigillo
919 1582 1110 1618 communi
1144 1581 1404 1618 vniuersitatis
1436 1580 1688 1616 communitas
1714 1581 1920 1616 communi-

466 1641 575 1678 candi
598 1645 637 1677 et
657 1641 901 1677 concludendi
919 1653 1049 1677 omnes
1065 1645 1104 1677 et
1121 1640 1357 1677 omnimodas
1373 1651 1505 1676 causas
1522 1640 1622 1676 inter
1637 1640 1919 1676 vniuersitatem

465 1704 505 1737 et
531 1700 738 1748 oppidanos
788 1700 850 1736 Ita
874 1703 916 1737 vt
944 1700 1124 1748 quicquid
1150 1700 1270 1736 maior
1293 1711 1381 1747 pars
1405 1699 1539 1735 horum
1565 1699 1772 1735 decreuerit
1798 1703 1923 1735 vestro

465 1761 634 1797 omnium
653 1761 805 1796 nomine
821 1763 947 1797 ratum
965 1760 1017 1796 sit
1033 1763 1073 1796 et
1088 1770 1307 1795 concessum

373 1821 472 1856 Item
497 1818 716 1855 conceditur
738 1823 780 1854 vt
802 1818 1069 1855 determinatio
1091 1818 1139 1854 ad
1162 1830 1275 1865 quam
1302 1820 1455 1853 tenetur
1478 1816 1609 1853 doctor
1633 1816 1831 1864 Atkynson
1853 1816 1923 1853 hoc

468 1889 568 1914 anno
584 1877 706 1925 possit
722 1876 862 1913 differri
880 1877 919 1913 in
938 1877 1151 1924 proximum
1170 1888 1313 1912 annum

375 1938 474 1974 Item
491 1936 709 1973 conceditur
725 1940 767 1973 vt
783 1940 892 1973 actus
909 1936 1105 1983 theologici
1123 1947 1253 1972 omues
1275 1935 1323 1971 ad
1346 1946 1441 1982 quos
1463 1937 1614 1971 tenetur
1635 1934 1765 1971 doctor
1787 1935 1924 1971 Ponett

469 1996 540 2032 hoc
556 2007 655 2031 anno
671 1995 810 2031 differri
824 1995 971 2042 possint
1021 1994 1083 2030 Ita
1096 1996 1138 2030 vt
1151 1994 1245 2030 flant
1261 1993 1430 2041 proximo
1446 2005 1546 2029 anno
1563 1993 1634 2029 sub
1650 2005 1746 2040 pena
1763 1999 1925 2040 quatuor

470 2065 681 2090 marcarum
699 2054 955 2101 ponendarum
975 2054 1014 2089 in
1032 2052 1207 2089 manibus
1221 2055 1504 2100 procuratorum

380 2115 476 2151 Item
494 2113 713 2150 conceditur
724 2113 869 2150 doctori
884 2114 984 2161 Ayre
999 2116 1040 2149 vt
1055 2116 1164 2149 actus
1181 2112 1228 2149 ad
1246 2124 1340 2159 quos
1357 2112 1560 2149 tenebatur
1577 2112 1646 2147 hoc
1662 2124 1762 2147 anno
1779 2113 1927 2149 racione

473 2173 610 2220 gradus
627 2174 685 2209 sui
703 2174 868 2220 suscepti
887 2173 1034 2220 possint
1058 2172 1197 2209 differri
1217 2173 1255 2208 in
1274 2173 1484 2220 proximum
1503 2183 1644 2208 annum
1662 2172 1743 2207 sine
1762 2172 1926 2209 vlteriori

472 2232 656 2269 dilacione
672 2232 744 2269 sub
770 2244 866 2280 pena
887 2236 1051 2279 quatuor
1067 2243 1277 2268 marcarum
1295 2231 1532 2268 vniuersitati
1549 2230 1726 2267 solvenda
1748 2232 1926 2278 quoniam

474 2291 658 2327 hactenus
683 2291 722 2327 in
749 2291 912 2338 negociis
939 2291 1050 2338 Regie
1080 2290 1292 2327 maiestatis
1317 2290 1371 2327 ita
1393 2290 1570 2327 detentus
1595 2290 1668 2327 fuit
1694 2295 1736 2326 vt
1759 2302 1822 2326 eos
1847 2303 1927 2338 per-

477 2351 584 2387 ficere
602 2362 676 2386 non
695 2350 822 2397 potuit
