2008 3216
105 2003 250 2042 *1802

311 160 395 199 184
893 171 1043 201 GRACE
1074 170 1198 200 BOOK
1229 170 1259 200 Δ
1638 157 1858 213 [1564-65

922 586 1254 642 [1564—1565]

313 725 467 768 Gratie
507 724 599 766 sive
634 724 874 781 petitiones
909 739 1109 766 concesse
1146 724 1189 766 in
1229 725 1359 781 plena
1399 725 1735 783 congregatione
1777 726 1862 768 Re-

428 795 629 852 gentium
678 800 724 837 et
772 809 858 836 non
904 794 1174 851 Regentium
1217 810 1244 837 a
1282 795 1395 838 festo
1438 795 1592 838 Sancti
1634 796 1864 838 Michaelis

431 866 695 922 Archangeli
737 881 851 908 anno
893 865 1059 908 domini
1097 867 1209 908 1564
1245 881 1378 922 vsque
1410 865 1527 908 idem
1562 867 1722 908 festum
1757 872 1896 909 tunc-

430 936 625 992 proxime
656 951 842 992 sequens
873 935 1069 978 Roberto
1099 936 1348 979 Beamount
1376 951 1496 979 sacre
1522 935 1740 993 theologie
1767 952 1863 994 pro-

432 1007 588 1048 fessore
640 1012 745 1047 tunc
798 1005 1132 1061 procancellario
1178 1011 1224 1048 et
1269 1005 1374 1048 Tho.
1422 1006 1576 1062 Bynge
1622 1011 1667 1048 et
1714 1005 1865 1049 Barth.

432 1075 591 1119 Clarke
632 1075 984 1133 procuratoribus

316 1200 544 1238 Conceditur
568 1204 628 1236 11ο
651 1200 827 1236 Octobris
850 1202 893 1236 vt
916 1211 1046 1235 omnes
1068 1199 1189 1246 gratie
1211 1199 1447 1236 admittendo
1470 1211 1538 1247 per
1561 1199 1757 1236 dominum
1783 1212 1866 1248 pro-

410 1260 672 1296 cancellarium
689 1259 860 1295 doctores
879 1259 989 1306 Maye
1007 1259 1122 1294 Ithell
1142 1261 1181 1294 et
1202 1258 1276 1295 Car
1299 1260 1498 1305 magistros
1519 1258 1641 1306 Ledys
1663 1262 1702 1295 et
1726 1260 1868 1295 Master

410 1321 557 1367 possint
590 1331 808 1355 concurrere
841 1319 881 1355 in
914 1322 1078 1365 quatuor
1106 1318 1457 1365 congregationibus
1486 1319 1599 1355 huius
1627 1319 1717 1355 anni
1744 1319 1798 1355 sie
1825 1321 1868 1354 vt

411 1391 541 1415 omnes
558 1379 797 1414 consentiant

316 1437 545 1474 Conceditur
560 1437 583 1473 J
586 1449 617 1473 o.
634 1437 827 1472 Hansome
844 1439 886 1471 vt
906 1439 947 1471 12
966 1436 1065 1482 pleni
1083 1436 1237 1472 termini
1254 1436 1294 1472 in
1311 1435 1449 1483 quibus
1465 1436 1644 1472 lectiones
1660 1436 1868 1473 ordinarias

411 1498 558 1534 audivit
580 1497 670 1533 licet
692 1509 767 1532 non
791 1497 945 1532 omnino
966 1496 1175 1532 secundum
1197 1497 1358 1532 formam
1383 1497 1519 1532 statuti
1545 1508 1620 1532 vna
1643 1508 1729 1532 cum
1754 1508 1867 1543 oppo-

411 1557 613 1593 sitionibus
630 1556 934 1604 responsionibus
951 1560 990 1592 et
1005 1556 1091 1592 aliis
1107 1556 1294 1592 exercitiis
1311 1568 1377 1603 per
1389 1556 1504 1602 Regia
1517 1558 1664 1592 statuta
1676 1555 1868 1602 requisitis

412 1617 488 1653 iam
505 1616 653 1664 publice
670 1616 833 1663 peractis
850 1616 1040 1652 sufficiant
1059 1616 1093 1651 ei
1114 1616 1162 1652 ad
1185 1615 1488 1663 respondendum
1511 1616 1699 1663 questioni
1720 1619 1759 1652 et
1778 1615 1869 1663 quia

413 1676 495 1711 sine
507 1676 671 1711 maximo
683 1687 751 1711 suo
765 1674 1000 1711 incommodo
1012 1674 1060 1710 ad
1074 1675 1325 1722 prescriptum
1339 1678 1491 1722 tempus
1502 1675 1641 1722 gradus
1652 1674 1868 1710 assumendi

415 1747 565 1771 manere
582 1747 656 1770 non
674 1738 801 1782 potest
816 1734 995 1770 admissio
1012 1734 1092 1770 eius
1109 1738 1186 1770 stet
1202 1746 1271 1781 pro
1287 1734 1485 1781 completis
1502 1734 1623 1770 forma
1635 1737 1675 1770 et
1685 1733 1803 1780 gradu
1815 1733 1869 1769 sic

415 1797 457 1830 vt
488 1794 724 1830 examinetur
755 1797 795 1829 et
826 1793 1057 1840 approbetur
1089 1805 1155 1840 per
1187 1793 1351 1840 aliquem
1386 1793 1527 1829 artium
1557 1794 1778 1840 magistrum
1803 1804 1870 1839 per

414 1852 610 1888 dominum
647 1852 988 1888 vicecancellarium
1026 1851 1264 1898 designatum
1330 1852 1510 1899 Magister
1546 1852 1717 1899 Derynge
1754 1851 1870 1899 philo-

415 1911 545 1959 sophie
571 1911 753 1959 prelector
777 1910 1002 1958 approbavit

322 2005 550 2042 Conceditur
569 2009 608 2041 ll
629 2005 804 2042 Octobris
823 2006 966 2042 Simoni
985 2006 1144 2053 Smythe
1163 2009 1205 2042 vt
1230 2009 1274 2042 12
1294 2006 1449 2042 termini
1471 2006 1510 2042 in
1531 2005 1670 2053 quibus
1693 2006 1870 2042 lectiones

416 2065 623 2101 ordinarias
647 2065 795 2101 audivit
819 2065 907 2101 licet
933 2077 1005 2101 non
1032 2065 1186 2101 omnino
1210 2065 1417 2101 secundum
1442 2066 1599 2101 formam
1625 2064 1761 2101 statuti
1784 2075 1870 2100 cum

416 2123 716 2171 oppositionibus
748 2123 1054 2170 responsionibus
1086 2126 1125 2160 et
1157 2123 1242 2159 aliis
1274 2123 1462 2160 exercitiis
1491 2135 1558 2170 per
1588 2123 1702 2170 Regia
1725 2125 1872 2159 statuta

418 2182 610 2229 requisitis
626 2182 816 2218 sufficiant
832 2181 866 2217 ei
883 2181 930 2217 ad
949 2181 1249 2229 respondendum
1266 2180 1454 2228 questioni

326 2236 466 2273 Eadem
504 2237 626 2284 gratia
662 2236 881 2273 conceditur
917 2239 958 2273 15
994 2236 1212 2273 Decembris
1247 2236 1436 2273 Ludovico
1469 2236 1651 2272 Yeoloton
1690 2234 1872 2272 Edwardo

421 2296 593 2344 Byshope
607 2296 635 2332 F
638 2308 735 2333 rano.
756 2296 908 2344 Cockyn
925 2295 1088 2333 Roberto
1099 2296 1251 2344 Sawyer
1262 2296 1326 2332 W⁰
1339 2296 1433 2343 Sage
1446 2296 1537 2332 Tho.
1553 2296 1692 2332 Suttcn
1705 2295 1727 2331 J
1732 2294 1871 2331 ohanni

420 2356 583 2393 Stallard
618 2356 762 2392 Thome
795 2355 1054 2393 Vnderdowne
1087 2355 1275 2392 Willelmo
1307 2355 1437 2392 James
1466 2355 1594 2391 Barth.
1631 2354 1780 2391 Heathe
1812 2354 1870 2390 W.

421 2415 584 2451 Stanton
605 2414 695 2451 Rad.
716 2414 880 2451 Wadson

328 2474 466 2511 Eadem
484 2475 606 2521 gratia
622 2473 840 2510 conceditur
857 2473 990 2521 xxiiijw
1008 2472 1234 2509 Novembris
1249 2472 1297 2509 de
1314 2472 1426 2509 verbo
1439 2472 1477 2509 in
1491 2471 1646 2509 verbum
1660 2472 1683 2508 J
1686 2484 1717 2508 ο.
1733 2472 1873 2520 Trasye

422 2533 455 2569 N
461 2533 530 2570 ich.
554 2533 584 2569 K
590 2545 686 2580 ynge
703 2532 837 2569 Carolo
857 2532 1010 2569 Browne
1027 2537 1067 2569 et
1083 2532 1261 2569 Christos.
1283 2530 1447 2567 Holland

327 2592 555 2629 Conceditur
578 2591 693 2638 xxvjw
717 2591 888 2627 Januarii
916 2590 1089 2627 Michaeli
1116 2590 1261 2627 Halsall
1283 2594 1325 2627 vt
1350 2593 1394 2626 12
1413 2590 1565 2627 termini
1588 2590 1626 2626 in
1648 2588 1786 2637 quibus
1803 2589 1871 2625 lec-

422 2652 543 2687 tiones
566 2651 773 2687 ordinarius
789 2650 936 2687 audivit
953 2651 1040 2687 licet
1058 2662 1131 2687 non
1150 2651 1303 2687 omnino
1325 2649 1530 2686 secundum
1555 2650 1712 2686 formam
1735 2649 1873 2685 statuti

422 2723 507 2747 cum
524 2710 825 2758 oppositionibus
849 2709 1154 2757 responsionibus
1171 2714 1209 2746 et
1225 2709 1309 2746 aliis
1326 2709 1512 2746 exercitiis
1529 2720 1596 2756 per
1611 2710 1758 2745 statuta
1774 2707 1875 2755 regia

424 2769 616 2816 roquinitin
632 2769 823 2805 sufficiant
839 2769 870 2805 ei
889 2768 936 2805 ad
955 2767 1255 2815 respondendum
1272 2767 1460 2815 questioni

329 2829 470 2866 Eadem
488 2829 610 2875 gratia
625 2828 842 2865 conceditur
858 2827 986 2864 eodem
1005 2827 1134 2875 Steph.
1162 2826 1340 2875 Lymbert
1361 2826 1468 2863 Edm.
1494 2826 1693 2874 Robynson
1716 2824 1874 2861 Ricardo

427 2887 659 2935 Rcmyngwn
695 2886 823 2923 Ambr.
860 2887 1056 2934 Copyngcr
1087 2886 1181 2922 Heu.
1211 2885 1388 2922 Blaxnton
1418 2884 1509 2922 nob.
1541 2884 1705 2932 Norgate
1730 2883 1874 2921 Simoni
