2008 3294
332 187 418 232 378
912 200 1065 233 GRACE
1095 201 1219 233 soci<
1250 203 1280 232 Δ
1660 191 1880 247 [1583-84

847 500 1055 544 Doctores
1084 500 1131 544 in
1161 501 1377 544 medicina

334 636 561 673 Conceditur
579 640 624 673 18
642 637 733 673 Maii
754 637 934 686 magistro
951 636 1095 672 Thome
1113 635 1337 672 Mundeford
1355 639 1398 672 vt
1414 636 1586 672 studium
1604 636 1624 673 7
1643 647 1828 671 annorum
1844 635 1885 671 in

429 696 615 732 medicina
631 699 831 743 postquam
847 695 984 731 rexerit
1001 696 1041 731 in
1057 695 1203 731 artibus
1219 707 1306 732 cum
1323 695 1625 742 opposicionibus
1637 694 1885 742 responsioni-

429 754 500 790 bus
527 755 735 800 ceterisque
760 754 946 789 exercitiis
973 765 1040 801 per
1064 754 1166 800 regia
1192 756 1340 790 statuta
1367 753 1560 800 requisitis
1585 753 1749 790 sufficiat
1773 753 1808 789 ei
1836 752 1885 789 ad

429 812 683 860 incipiendum
715 812 754 848 in
787 812 973 848 medicina
1054 812 1283 849 Conceditur
1316 815 1361 850 27
1396 813 1420 848 J
1424 813 1505 848 unii
1538 812 1719 859 magistro
1752 811 1886 859 Egidio

430 872 604 908 Patricke
627 875 670 907 vt
693 883 780 908 cum
802 872 896 908 satis
918 871 1111 908 commode
1132 872 1194 907 hic
1216 871 1347 908 adesse
1370 883 1446 907 non
1468 875 1594 918 potest
1618 871 1666 907 ad
1690 883 1734 907 ea
1760 871 1887 907 omnia

428 930 652 978 perficienda
667 930 807 977 quibus
822 943 898 967 non
914 931 970 967 ita
989 931 1136 978 pridem
1156 934 1282 967 vestra
1304 931 1344 967 in
1367 943 1455 967 eum
1475 931 1736 967 benevolentia.
1758 930 1886 966 termi-

429 994 519 1026 nata
540 994 622 1026 erat
642 993 684 1026 vt
703 990 874 1026 studium
901 993 944 1025 15
969 1001 1155 1026 annorum
1179 990 1219 1026 in
1244 990 1431 1026 medicina
1455 992 1658 1037 postquam
1682 989 1821 1026 rexerit
1845 989 1885 1024 in

427 1048 575 1084 artibus
598 1060 685 1084 cum
709 1049 949 1096 responsione
974 1049 1118 1085 solenni
1142 1050 1182 1085 in
1206 1049 1384 1096 vesperiis
1406 1049 1646 1085 comitiorum
1668 1049 1831 1085 sufficiat
1853 1048 1887 1083 ei

427 1106 476 1142 ad
493 1107 748 1154 incipiendum
765 1108 805 1143 in
822 1107 953 1144 eadem
970 1107 1152 1144 facultate

822 1371 940 1415 Ordo
970 1371 1236 1415 senioritatis
1267 1386 1403 1428 mary.

951 1511 987 1547 d.
1007 1510 1180 1547 Patricke

950 1570 986 1606 d.
1007 1569 1231 1606 Mundeford

764 1843 1111 1887 Bacchalaureus
1142 1843 1186 1886 in
1212 1842 1313 1900 jure
1344 1843 1461 1886 civili

335 1979 562 2017 Conceditur
580 1981 625 2015 18
643 1978 734 2015 Maii
758 1978 887 2025 Georg.
907 1978 1089 2014 Newman
1110 1980 1152 2014 vt
1173 1977 1344 2014 studium
1367 1980 1388 2013 5
1411 1987 1598 2013 annorum
1621 1975 1660 2012 in
1684 1976 1765 2012 iure
1787 1975 1888 2013 civili

428 2051 515 2075 cum
541 2037 842 2086 opposicionibus
869 2036 1172 2085 responsionibus
1197 2036 1406 2083 ceterisque
1434 2035 1622 2072 exercitiis
1647 2046 1713 2083 per
1742 2038 1889 2072 statuta

429 2099 530 2146 regia
546 2098 739 2146 requisitis
755 2098 918 2134 sufficiat
934 2097 967 2133 ei
985 2096 1033 2133 ad
1052 2095 1271 2133 intrandum
1291 2095 1329 2131 in
1347 2094 1477 2132 eodem
1495 2094 1575 2131 iure
1597 2094 1651 2130 sic
1675 2097 1716 2130 vt
1737 2105 1887 2141 respon-

428 2157 517 2194 deat
533 2157 573 2194 in
590 2157 724 2194 habitu
742 2156 997 2194 bacchalaurei

795 2414 1104 2459 Bacchalaurei
1137 2414 1182 2457 in
1215 2413 1436 2471 theologia

336 2552 564 2589 Conceditur
583 2554 625 2588 12
642 2550 665 2587 J
670 2550 748 2588 unii
770 2551 948 2599 magistro
971 2551 1029 2587 Jo.
1055 2551 1185 2588 Duokc
1209 2555 1250 2588 vt
1271 2550 1443 2588 studium
1469 2553 1489 2589 7
1513 2561 1698 2587 annorum
1722 2550 1760 2587 in
1784 2549 1887 2587 theo-

432 2611 529 2659 logia
545 2614 745 2659 postquam
764 2610 900 2647 rexerit
919 2610 956 2646 in
977 2609 1124 2646 artibus
1146 2621 1232 2646 cum
1255 2608 1559 2658 opposicionibus
1585 2608 1888 2657 responsionibus

431 2667 666 2706 nonnonibuu
688 2670 727 2705 et
748 2668 833 2705 aliis
859 2667 1046 2705 exercitiis
1069 2679 1134 2715 per
1153 2670 1302 2704 statuto
1324 2668 1424 2715 regis
1449 2667 1643 2715 requisitis
1670 2667 1832 2705 sufficiat
1853 2668 1887 2705 ei

433 2732 511 2764 tam
529 2727 576 2765 ad
593 2726 858 2775 opponendum
875 2737 990 2773 quam
1009 2726 1055 2763 ad
1075 2725 1295 2762 intrandum
1313 2726 1351 2762 in
1370 2736 1476 2762 sacra
1498 2725 1686 2773 theologia
1747 2725 1887 2763 Eadem

431 2787 552 2834 grstia
575 2785 793 2824 conceditur
816 2785 946 2823 eodem
973 2786 1164 2832 magistris
1190 2785 1248 2822 Jo.
1278 2784 1361 2833 13y11
1388 2784 1463 2821 Tri.
1490 2783 1620 2821 Franc.
1645 2783 1746 2821 Snell
1769 2787 1807 2821 et
1829 2784 1887 2821 Jo.

436 2846 509 2883 Fox
534 2845 720 2882 Jolmnnis
768 2846 813 2883 27
839 2844 945 2881 Junii
971 2844 1162 2891 magistris
1189 2843 1284 2880 IIen.
1312 2842 1483 2891 Vaylond
1513 2842 1602 2879 Rob.
1634 2842 1783 2879 Hutton
1814 2843 1889 2880 Tri.

433 2904 496 2940 W⁰
513 2905 683 2942 wittaffo
700 2903 763 2941 W⁰
781 2903 908 2941 white
927 2903 1065 2950 Regino
1081 2906 1120 2940 et
1140 2905 1175 2940 1⁰
1191 2902 1283 2940 Julii
1302 2902 1482 2949 magistro
1499 2902 1557 2938 J0.
1579 2901 1831 2950 Hutohynson
