2008 3294
3 1432 5 1435 ·
0 1382 6 1415 *·-‘
0 1219 17 1373 amum-g
0 819 17 1207 mw-Www.
0 787 9 807 wa
0 743 9 775 «v
0 709 9 727 ,⁴
0 670 9 679 u

19 794 22 796 “
20 738 36 758 ,r'

132 191 352 246 1588-89]
715 201 868 234 emon
900 202 1022 234 BOOK
1053 201 1084 234 Δ
1594 189 1678 231 429

741 764 1076 820 [1588-1589J

133 931 295 974 Gratiae
327 930 418 973 sive
455 930 691 987 petitiones
727 926 793 972 in‘
812 929 942 986 plena
977 929 1315 986 congregatione
1351 930 1600 986 regentium
1637 936 1682 972 et

248 1015 334 1044 non
365 1000 615 1058 regentium
646 1015 673 1043 a
703 1000 814 1043 festo
846 999 999 1042 Sancti
1034 998 1258 1042 Michaelis
1287 1000 1533 1057 archangeli
1568 1003 1680 1042 1588

249 1075 294 1113 et
334 1069 503 1128 Regine
545 1069 799 1113 Elizabethe
843 1071 896 1112 29
941 1083 1076 1125 vsque
1117 1069 1172 1111 ad
1217 1068 1333 1112 idem
1375 1070 1534 1113 festum
1575 1076 1680 1113 tunc

248 1139 442 1197 proxime
477 1153 666 1196 sequens
701 1138 878 1181 domino
909 1138 1076 1180 Thema
1114 1138 1284 1195 Nevyle
1314 1154 1432 1182 sacre
1463 1139 1678 1196 theologie

250 1210 483 1266 professore
514 1208 866 1252 vicecancellario
902 1207 1123 1264 magistris
1159 1208 1350 1251 Roberto
1382 1208 1600 1253 Cansfield
1633 1217 1679 1253 et

250 1279 412 1322 Milone
441 1278 611 1336 Sandys
637 1278 989 1336 procuratoribus
1017 1278 1236 1336 magistris
1263 1278 1453 1323 Roberto
1478 1278 1679 1323 Churche

249 1355 294 1391 et
339 1348 530 1392 Martino
577 1348 701 1405 Keye
743 1348 1057 1391 scrutatoribus
1097 1353 1144 1390 et
1184 1348 1403 1406 magistris
1444 1348 1679 1392 Otthowell

250 1418 344 1461 Hill
385 1424 430 1461 et
470 1418 538 1463 Jo.
579 1417 766 1461 Seaman
813 1417 1084 1460 taxatoribus
1128 1423 1175 1460 et
1225 1417 1431 1474 magistro
1482 1418 1680 1462 Mattheo

249 1489 410 1546 Stokys
446 1489 694 1548 registrario

135 1651 247 1688 Mem.
273 1649 374 1696 quod
403 1652 534 1685 octavo
558 1648 620 1684 die
645 1649 787 1684 mensis
816 1647 1042 1684 Novembris
1069 1650 1160 1683 1588
1186 1646 1409 1683 venerabilis
1434 1648 1492 1683 vir
1515 1647 1680 1683 Thomas

227 1708 371 1755 Nevyle
390 1707 429 1743 in
450 1706 599 1743 artibus
619 1707 800 1754 magister
819 1718 945 1753 preses
965 1706 1144 1752 magister
1164 1706 1243 1742 sive
1260 1709 1388 1742 custos
1405 1706 1547 1752 collegii
1571 1705 1679 1741 beate

229 1768 346 1803 Marie
383 1766 602 1813 Magdalene
639 1766 678 1802 in
716 1766 962 1802 vniuersitate
999 1764 1238 1812 Cantebrigie
1274 1765 1313 1801 in
1349 1765 1679 1812 procancellarium

228 1825 485 1862 vniuersitatis
518 1824 759 1871 cantebrigia
796 1825 980 1871 legittime
1017 1825 1159 1860 electus
1194 1825 1394 1871 magistros
1427 1824 1679 1871 Vmphridum

228 1885 389 1932 Tyndall
413 1896 517 1921 sacre
541 1884 725 1931 theologie
752 1884 999 1931 professorem
1026 1888 1065 1920 et
1091 1883 1276 1919 Thomam
1306 1883 1424 1930 Legge
1448 1883 1571 1930 legum
1595 1883 1679 1919 doe-

227 1948 346 1980 torem
372 1942 603 1990 conjunctim
627 1946 666 1978 et
690 1954 820 1978 eorum
844 1946 1045 1988 vtrumque
1067 1953 1135 1988 per
1156 1953 1196 1977 se
1218 1940 1370 1976 divisim
1393 1944 1432 1976 et
1454 1940 1493 1976 in
1518 1939 1680 1976 solidum

228 2008 287 2039 etc
313 2014 402 2039 suos
426 2013 532 2038 veros
560 2004 682 2037 certos
711 2001 899 2048 legitimos
924 2004 964 2037 et
990 1999 1227 2036 indubitatos
1253 2003 1511 2047 procuratores
1536 2003 1682 2035 actores

228 2063 387 2099 factores
412 2061 650 2108 negociorum
675 2073 829 2097 suorum
854 2064 1020 2108 gestores
1045 2063 1083 2096 et
1108 2061 1262 2096 nuntios
1286 2060 1466 2107 speciales
1490 2059 1538 2096 ad
1567 2060 1681 2095 infra-

228 2123 368 2169 scripta
401 2121 612 2157 nominavit
644 2120 834 2157 ordinavit
867 2121 956 2156 fecit
985 2126 1024 2156 et
1053 2119 1254 2155 constituit
1286 2131 1352 2166 per
1383 2119 1680 2166 procuratorium

229 2193 339 2218 suum
362 2181 568 2227 sigillatum
591 2184 670 2216 tam
694 2180 815 2227 sigillo
837 2180 980 2216 domini
998 2179 1263 2215 Archidiaconi
1287 2179 1403 2214 Essex
1422 2190 1538 2225 quam
1560 2178 1681 2225 sigillo

229 2240 378 2288 proprio
395 2239 487 2275 dicti
510 2238 652 2274 Thome
670 2239 862 2274 munitum
885 2242 999 2285 prout
1021 2240 1128 2285 patet
1150 2237 1361 2284 predictum
1383 2238 1680 2284 procuratorium

229 2310 425 2335 remanens
454 2298 494 2333 in
522 2297 686 2333 archivis
717 2297 818 2333 dicte
847 2297 1107 2333 vniuersitatis
1168 2297 1220 2332 Et
1251 2297 1351 2332 idem
1383 2298 1680 2344 procuratorium

229 2357 437 2394 exhibitum
463 2356 538 2392 fuit
562 2356 601 2391 in
627 2355 737 2402 plena
762 2355 1048 2402 congregatione
1072 2356 1283 2402 regentium
1308 2361 1347 2391 et
1372 2367 1446 2391 non
1472 2356 1679 2401 regentium

230 2417 322 2452 hora
337 2415 459 2462 prima
475 2413 549 2450 diei
566 2414 672 2450 Lune
689 2414 715 2449 ii
735 2412 962 2449 Novembris
981 2415 1072 2448 1588
1121 2413 1172 2449 Et
1185 2413 1360 2450 dominus
1372 2413 1503 2450 doctor
1519 2414 1681 2461 Tyndall

230 2487 297 2522 pro
313 2474 443 2510 eodem
459 2473 647 2510 admissus
663 2473 711 2509 ad
729 2474 891 2509 officium
909 2473 1201 2509 vicecancellarii

135 2535 363 2572 Conceditur
397 2536 441 2569 12
471 2533 646 2569 Octobris
678 2536 721 2569 vt
752 2533 928 2568 dominus
958 2532 1284 2569 vicecancellarius
1315 2533 1487 2569 doctores
1519 2533 1680 2580 Tyndall

230 2593 366 2630 Cowell
393 2595 433 2629 et
467 2593 598 2629 Peerse
632 2592 803 2639 magistri
838 2592 868 2627 F
869 2604 931 2628 arr
963 2596 1002 2628 et
1036 2592 1236 2640 Burgayne
1266 2594 1345 2628 sint
1378 2596 1493 2640 caput
1525 2598 1680 2630 senatus

230 2653 348 2689 futuri
372 2652 463 2688 anni

136 2711 363 2749 Conceditur
389 2713 436 2747 29
463 2711 593 2746 Martii
626 2713 717 2746 1588
746 2709 888 2746 Jacobo
918 2711 1081 2758 Starkey
1106 2714 1148 2747 vt
1178 2714 1222 2746 12
1251 2711 1405 2747 termini
1434 2711 1610 2759 completi
1640 2712 1678 2748 in

231 2770 370 2817 quibus
404 2770 584 2805 lectiones
621 2769 830 2805 ordinarias
866 2769 1015 2805 audivit
1051 2769 1141 2805 licet
1177 2781 1252 2805 non
1288 2770 1442 2805 omnino
1473 2770 1679 2806 secundum

231 2831 389 2866 formam
413 2830 550 2865 statuti
577 2841 662 2864 cum
689 2828 992 2876 oppositionibus
1018 2828 1324 2875 responsionibus
1347 2829 1556 2875 ceterisque
1580 2842 1680 2866 exer·

231 2888 331 2924 citiis
362 2899 430 2934 per
461 2890 609 2924 statuta
641 2888 742 2934 regia
778 2887 974 2934 requisitis
1009 2887 1198 2923 sufficiant
1230 2887 1265 2924 ei
1298 2887 1346 2923 ad
1378 2888 1681 2934 respondendum
