2008 3294
164 173 383 230 1584-85]
752 182 905 214 omos
936 180 1059 212 Boon
1091 180 1121 211 Δ
1621 165 1703 207 391

643 422 761 466 Ordo
792 419 1057 466 senioritatis
1087 433 1226 476 τηατ-9.

811 548 857 587 D.
885 547 1063 584 Bancroft

814 607 860 644 D.
887 605 1052 643 StalJard

537 811 698 856 Gratiae
728 825 814 854 non
845 814 1153 854 concernentes
1181 808 1341 866 gradus

170 938 241 974 Pro
269 937 450 985 sophistis
508 936 737 974 Conceditur
767 939 804 972 1ο
832 935 1050 972 Decembris
1078 946 1165 972 cum
1194 934 1305 971 breve
1333 937 1373 970 et
1401 934 1637 970 contractum
1666 932 1718 968 sit

262 998 414 1043 tempus
430 996 531 1032 inter
546 995 775 1043 principium
792 994 952 1042 proximi
969 993 1123 1030 termini
1145 996 1184 1029 et
1205 992 1360 1028 comitia
1381 991 1717 1038 questionistarum

263 1058 302 1091 et
324 1067 503 1091 numerus
525 1054 869 1101 inaugurandorum
892 1053 1012 1089 maior
1032 1064 1148 1100 quam
1171 1054 1214 1088 vt
1235 1055 1387 1099 tempus
1410 1050 1502 1087 illud
1527 1062 1595 1098 pro
1618 1061 1718 1086 exer-

264 1114 365 1150 citiis
388 1125 455 1161 per
477 1116 623 1150 statuta
644 1113 838 1160 requisitis
860 1111 1029 1149 sufficere
1050 1112 1171 1159 possit
1193 1111 1317 1159 placet
1339 1110 1446 1147 vobis
1468 1114 1511 1146 vt
1532 1109 1720 1156 generales

264 1173 432 1220 sophiste
456 1173 526 1209 hoc
551 1185 650 1209 anno
674 1173 714 1209 in
738 1172 1093 1209 bacchalaureorum
1118 1183 1318 1208 numerum
1342 1169 1544 1218 cooptandi
1573 1169 1721 1216 possint

264 1235 389 1269 vestra
410 1233 634 1269 auctoritate
656 1234 696 1268 et
717 1231 870 1268 licentia
891 1235 1000 1267 actus
1022 1242 1111 1267 suos
1133 1230 1375 1267 scholasticos
1395 1229 1443 1266 ad
1460 1240 1546 1265 eum
1563 1228 1720 1275 gradum

265 1291 464 1338 requisitos
496 1291 695 1327 instituere
726 1295 766 1326 et
797 1301 972 1337 peragere
1005 1289 1163 1336 singulis
1195 1288 1329 1325 diebus
1360 1288 1537 1335 profestis
1568 1290 1649 1324 tam
1682 1287 1722 1323 in

266 1350 427 1387 termino
446 1362 562 1398 quam
584 1353 690 1386 extra
705 1349 755 1386 ab
771 1350 845 1386 isto
862 1349 923 1386 die
940 1360 1058 1395 vsque
1074 1348 1122 1385 ad
1140 1349 1305 1396 primum
1322 1348 1423 1384 diem
1440 1346 1724 1394 quadragesime

266 1409 432 1456 proxime
455 1410 688 1457 insequentis
703 1411 785 1446 tam
801 1409 840 1445 in
857 1408 984 1445 schola
1001 1407 1235 1456 philosophie
1252 1419 1368 1455 quam
1384 1407 1597 1444 dialectices
1612 1405 1724 1442 modo

267 1468 307 1504 in
340 1469 481 1504 eisdem
513 1469 651 1505 scholis
682 1468 787 1505 nulla
819 1471 912 1505 tunc
943 1468 1017 1504 erit
1048 1467 1261 1515 disputacio
1285 1467 1343 1503 vel
1369 1467 1634 1513 magistrorum
1665 1465 1724 1502 vel

267 1526 621 1564 bacchalaureorum
642 1527 690 1564 ab
711 1527 804 1564 hora
820 1539 921 1563 nona
937 1538 1055 1574 vsque
1071 1526 1119 1563 ad
1136 1526 1372 1563 vndecimam
1389 1523 1724 1562 antemeridianam

268 1590 307 1623 et
331 1587 379 1623 ab
403 1587 495 1623 hora
516 1588 638 1634 prima
661 1587 710 1624 ad
735 1587 888 1624 tertiam
913 1586 1210 1634 pomeridianam
1235 1597 1278 1622 ea
1303 1589 1432 1622 tamen
1457 1585 1536 1631 lege
1560 1588 1604 1620 vt
1628 1596 1726 1620 vnus

269 1649 420 1682 tantum
444 1646 484 1682 in
506 1658 581 1683 vna
601 1646 728 1683 schola
750 1658 817 1694 per
838 1646 1027 1693 integrum
1050 1649 1202 1693 tempus
1227 1645 1479 1693 prescriptum
1502 1644 1726 1692 respondeat

270 1707 309 1741 et
328 1717 404 1741 non
426 1705 552 1752 plures
571 1713 610 1742 et
634 1717 730 1742 vnus
752 1705 853 1742 adsit
873 1705 1086 1742 moderator
1106 1716 1193 1741 cum
1216 1704 1322 1751 xij⁰¹m
1338 1704 1386 1740 ad
1403 1704 1529 1740 minus
1546 1703 1726 1750 sophistis

269 1768 309 1801 et
330 1764 543 1801 moderator
565 1765 723 1812 singulis
747 1764 969 1812 septimanis
991 1763 1168 1800 schedula
1190 1764 1344 1799 nomina
1365 1766 1404 1799 et
1426 1762 1647 1809 cognomina
1671 1773 1724 1798 re·
1742 1758 1769 1799 f.
1795 1757 1869 1798 14⁷
1892 1756 1919 1795 b

271 1822 492 1870 spondentis
523 1824 562 1859 et
594 1822 864 1869 opponentium
897 1821 1006 1858 alteri
1038 1820 1267 1858 bedellorum
1293 1820 1468 1857 exhibeat
1491 1820 1658 1868 alioquin
1682 1831 1727 1856 ea

271 1879 481 1926 disputacio
497 1890 566 1925 pro
581 1879 687 1915 nulla
704 1878 890 1915 habeatur

180 1940 252 1975 Pro
268 1938 545 1974 bacchalaureis
562 1937 610 1974 ad
625 1937 891 1974 declarandum
908 1939 947 1973 et
962 1935 1235 1984 disputandum
1253 1937 1293 1972 in
1309 1948 1378 1972 suo
1395 1947 1502 1983 grege
1550 1935 1727 1972 Concedi-

275 2001 338 2034 tur
355 2000 377 2032 4
395 1997 611 2033 Decembris
623 1999 666 2032 vt
681 1996 939 2032 bacchalaurei
957 1996 996 2031 in
1013 1994 1161 2031 artibus
1177 1994 1248 2031 hoc
1264 2007 1363 2031 anno
1380 1995 1568 2042 incepturi
1582 1998 1625 2031 vt
1641 2006 1728 2031 cum

274 2056 349 2092 duo
365 2055 445 2092 dies
462 2055 501 2091 in
518 2054 687 2102 qualibet
707 2055 920 2102 septimana
937 2066 1004 2101 pro
1020 2065 1150 2090 eorum
1168 2053 1268 2090 inter
1284 2065 1323 2089 se
1339 2052 1667 2101 disputacionibus
1689 2057 1729 2089 et

275 2113 609 2152 declamationibus
629 2126 696 2162 per
714 2116 861 2150 statuta
882 2113 1064 2160 assignati
1086 2124 1161 2148 non
1184 2112 1377 2149 sufficiunt
1399 2112 1447 2149 ad
1469 2116 1578 2149 actus
1599 2112 1728 2149 huius-

275 2174 376 2210 modi
405 2173 647 2210 scbolasticos
675 2172 904 2220 peragendos
929 2175 1056 2208 vestra
1082 2171 1308 2207 auctoritate
1334 2175 1374 2208 et
1400 2171 1553 2207 licentia
1582 2171 1730 2219 possint

277 2233 401 2270 tribus
424 2231 557 2268 diebus
579 2232 618 2267 in
645 2231 815 2278 qualibet
839 2231 1052 2278 septimana
1078 2230 1126 2266 ad
1152 2230 1448 2277 assignacionem
1473 2230 1617 2266 domini
1647 2242 1730 2277 pro-

277 2291 487 2328 cancellarii
513 2293 552 2326 et
581 2290 845 2336 magistrorum
873 2291 1158 2336 procuratorum
1187 2289 1287 2325 inter
1315 2301 1355 2325 se
1383 2293 1423 2326 et
1451 2290 1490 2325 in
1523 2301 1592 2325 suo
1624 2300 1732 2336 grege

277 2351 471 2398 disputare
486 2349 536 2386 ab
551 2350 643 2386 hora
658 2349 781 2397 prima
797 2348 845 2386 ad
861 2350 1015 2386 tertiam
1028 2349 1325 2396 pomeridianam
1342 2349 1382 2385 in
1399 2348 1536 2385 scholis
1549 2348 1732 2384 medicine

279 2410 338 2447 vel
355 2409 556 2446 rethoricos
604 2409 656 2445 Et
671 2408 846 2445 similiter
861 2407 1068 2444 declamare
1083 2407 1208 2443 tribus
1223 2406 1356 2443 diebus
1372 2407 1411 2443 in
1428 2406 1597 2454 qualibet
1618 2407 1732 2454 septi-

280 2481 393 2506 mana
413 2468 462 2505 ab
485 2469 576 2504 hora
594 2468 756 2515 septima
774 2467 822 2504 ad
845 2471 1018 2504 octavam
1038 2466 1375 2503 antemeridianam
1398 2467 1437 2502 in
1458 2466 1595 2503 scholis
1614 2465 1733 2513 philo-

280 2528 410 2576 sophie
426 2540 470 2564 ea
484 2531 613 2564 tamen
629 2527 708 2574 lege
724 2531 763 2564 et
780 2527 994 2563 conditione
1015 2530 1058 2562 vt
1081 2538 1180 2563 unus
1201 2526 1481 2563 moderatorum
1504 2538 1591 2562 cum
1611 2526 1660 2573 xij
1685 2526 1733 2562 ad

282 2587 408 2623 minus
424 2586 508 2622 aliis
524 2585 803 2622 bacchalaureis
818 2586 959 2622 artium
976 2586 1155 2621 intersint
1171 2586 1210 2621 in
1227 2585 1398 2632 quolibet
1414 2584 1628 2621 huiusmodi
1645 2588 1734 2621 actu

282 2650 320 2682 et
342 2645 478 2692 singuli
500 2645 539 2681 in
563 2645 696 2682 habitu
719 2657 787 2681 suo
809 2645 1031 2681 scholastico
1052 2649 1091 2680 et
1115 2644 1331 2692 prefinitum
1359 2648 1510 2692 tempus
1537 2643 1736 2691 diligenter

282 2704 495 2751 compleant
511 2704 678 2751 alioquin
694 2706 737 2740 vt
753 2716 797 2740 ea
813 2703 1024 2751 disputacio
1040 2704 1119 2740 sive
1134 2703 1360 2740 declamatio
1375 2715 1444 2751 pro
1460 2703 1565 2740 nulla
1587 2714 1734 2739 censea-

282 2765 347 2798 tur
374 2765 412 2798 et
440 2762 488 2798 ad
516 2762 673 2809 gradum
701 2762 1005 2810 consequendum
1031 2762 1184 2798 omnino
1213 2762 1359 2798 invtilis
1386 2761 1433 2797 de
1458 2761 1598 2808 quibus
1623 2761 1735 2796 fidem

283 2821 424 2857 faciant
441 2821 692 2858 moderatores
707 2821 870 2858 dominis
887 2821 1176 2869 procancellario
1196 2824 1236 2857 et
1257 2820 1562 2868 procuratoribus
1579 2820 1738 2867 singulis

284 2880 507 2927 septimanis
