2008 3216
170 158 390 213 1568-69]
740 169 892 201 omen
922 169 1046 201 ΒοοΚ
1077 169 1108 200 Δ
1628 157 1713 198 223

625 453 908 496 Bachalaurei
939 453 984 494 in
1008 451 1109 509 jure
1140 451 1258 495 civili

168 592 396 630 Conceditur
415 597 458 629 10
475 594 497 630 J
502 594 582 630 unii
600 594 691 630 Tho.
712 593 931 629 Hammond
949 596 991 628 vt
1007 592 1178 628 studium
1200 592 1236 639 vj
1258 604 1443 628 annorum
1461 593 1500 628 in
1519 593 1599 628 iure
1616 591 1717 627 civili

262 664 348 688 cum
365 652 666 699 oppositionibus
682 651 988 700 responsionibus
1005 654 1044 687 et
1060 651 1145 686 aliis
1157 651 1345 687 exercitiis
1356 662 1424 697 per
1435 653 1582 686 statuta
1594 651 1716 696 requi·

263 711 347 746 sitis
364 711 598 757 perficiendis
615 711 714 746 infra
730 723 871 746 annum
896 722 963 746 sue
985 710 1227 746 admissionis
1250 709 1322 746 sub
1346 722 1442 756 pena
1465 709 1524 745 xli
1547 709 1719 757 ponenda

263 769 301 804 in
326 769 501 805 manibus
524 773 809 816 procuratorum
834 773 924 805 ante
948 769 1030 805 eius
1054 768 1322 804 admissionem
1347 768 1509 804 sufficiat
1532 768 1566 804 ei
1590 767 1638 804 ad
1663 768 1719 804 in-

261 827 440 864 trandum
458 829 496 863 in
513 828 644 864 eodem
656 828 742 875 jure
790 829 948 875 (peregit
965 828 1091 864 omnia
1108 829 1241 876 mar-9.)

169 885 309 921 Eadem
326 886 447 932 gratia
463 886 680 922 conceditur
696 885 827 922 eodem
846 886 1014 922 Martino
1033 886 1158 933 Burye
1207 886 1419 923 Presentati
1442 898 1509 933 per
1528 885 1718 922 doctorem

263 944 377 980 Ithell
394 948 432 980 et
449 944 604 981 admissi
623 946 666 982 17
684 945 707 981 J
711 945 790 981 unii
840 945 998 992 (peregit
1014 945 1142 981 omnia
1158 945 1291 992 mar-9.)

731 1255 940 1299 Doctores
971 1255 1017 1299 in
1041 1256 1142 1312 jure

169 1392 395 1428 Conceditur
418 1395 463 1428 14
485 1392 711 1428 Novembris
733 1391 914 1438 magistro
940 1391 1036 1428 Hen.
1063 1391 1237 1439 Woorley
1259 1396 1301 1428 vt
1323 1392 1494 1429 studium
1518 1393 1581 1440 viij
1604 1404 1719 1429 anno·

262 1464 346 1488 rum
371 1452 412 1488 in
441 1452 521 1488 iure
550 1452 652 1487 civili
677 1454 880 1499 postquam
905 1451 1042 1487 rexerit
1066 1451 1106 1486 in
1131 1451 1279 1487 artibus
1303 1463 1390 1488 cum
1418 1450 1720 1498 oppositionibus

264 1510 568 1558 responsionibus
584 1514 624 1547 et
642 1510 727 1546 aliis
743 1509 932 1546 exercitiis
954 1521 1021 1557 per
1041 1513 1189 1546 statuta
1213 1510 1407 1557 requisitis
1430 1510 1592 1546 sufficiat
1613 1510 1647 1546 ei
1671 1509 1719 1546 ad

264 1570 518 1617 incipiendum
544 1571 582 1606 in
608 1571 737 1606 eodem
755 1570 842 1617 jure
866 1570 920 1605 sic
943 1572 986 1605 vt
1015 1570 1096 1606 eius
1123 1569 1303 1606 admissio
1327 1573 1404 1606 stet
1428 1581 1496 1616 pro
1521 1569 1720 1617 completis

264 1628 380 1675 gradu
399 1632 439 1664 et
458 1629 578 1664 forma
598 1628 815 1664 doctoratus
837 1627 877 1663 in
899 1627 1031 1663 eadem
1053 1628 1236 1664 facultate
1258 1632 1298 1664 et
1322 1628 1374 1663 sit
1398 1631 1488 1664 actu
1513 1627 1644 1664 doctor
1664 1628 1719 1664 sic

261 1692 389 1724 tamen
412 1691 454 1723 vt
478 1687 699 1724 convivetur
751 1687 994 1723 Presentatus
1014 1699 1081 1734 per
1100 1687 1292 1724 doctorem
1313 1687 1456 1723 Master
1472 1690 1512 1723 et
1530 1687 1719 1724 admissus

266 1748 311 1782 19
328 1745 553 1782 Novembris

169 1805 395 1841 Conceditur
413 1807 457 1842 19
475 1804 700 1841 Novembris
717 1805 898 1850 magistro
916 1805 983 1840 Ed.
1004 1804 1143 1841 Leedes
1160 1808 1202 1840 vt
1218 1804 1390 1841 studium
1408 1817 1456 1841 xx
1473 1817 1658 1842 annorum
1677 1806 1717 1841 in

263 1864 343 1900 iuro
367 1864 468 1899 civili
493 1866 695 1911 postquam
717 1864 854 1900 rexerit
879 1864 918 1899 iu
943 1864 1091 1900 artibus
1115 1876 1202 1900 cum
1227 1864 1404 1900 omnibus
1428 1865 1506 1901 fere
1530 1865 1718 1902 exercitiis

262 1923 337 1958 iam
354 1926 442 1959 ante
459 1923 622 1970 peractis
638 1923 800 1958 sufficiat
816 1923 850 1958 ei
867 1923 914 1959 ad
933 1922 1188 1970 incipiendum
1207 1923 1247 1959 in
1265 1923 1351 1970 jure
1373 1924 1474 1959 civili
1497 1924 1552 1959 sic
1572 1927 1615 1960 vt
1636 1924 1718 1960 eius

263 1981 442 2017 admissio
458 1984 534 2017 stet
550 1992 617 2028 pro
634 1981 829 2027 completis
845 1981 963 2027 gradu
980 1984 1019 2017 et
1036 1981 1157 2017 forma
1174 1981 1229 2017 ita
1245 1984 1374 2017 tamen
1388 1985 1430 2017 vt
1446 1982 1667 2018 convivetur
1678 1986 1718 2018 et

265 2040 473 2076 satisfaciat
489 2040 677 2076 officiariis
726 2040 970 2076 Prcsentatus
990 2052 1057 2088 per
1074 2040 1267 2076 doctorem
1291 2040 1444 2088 Harvye
1465 2043 1504 2076 et
1527 2041 1718 2077 admissus

266 2101 311 2134 10
328 2099 545 2135 Decembris

171 2157 396 2194 Conceditur
418 2161 460 2193 21
485 2158 657 2194 Januarii
681 2158 860 2204 magistro
883 2158 904 2194 J
910 2171 940 2195 0.
968 2158 1128 2195 Randall
1150 2162 1194 2195 vt
1216 2159 1387 2195 studium
1410 2159 1445 2206 vj
1470 2171 1656 2196 annorum
1679 2159 1718 2196 in

264 2216 344 2252 iure
360 2217 461 2252 civili
479 2220 679 2264 postquam
697 2222 757 2253 etc
773 2229 858 2254 cum
877 2218 1178 2265 oppositionibus
1195 2222 1255 2254 etc
1271 2218 1435 2254 sufficiat
1460 2218 1495 2254 ei
1521 2218 1570 2255 ad
1586 2219 1718 2266 incipi-

265 2275 404 2311 endum
426 2276 465 2311 in
483 2276 613 2312 eodem
626 2275 711 2323 jure
760 2277 1005 2313 Presentatus
1022 2290 1089 2325 per
1104 2277 1297 2314 doctorem
1316 2278 1459 2313 Master
1474 2281 1514 2314 et
1529 2278 1719 2314 admissus

267 2336 310 2369 18
328 2333 522 2370 Februarii

171 2391 397 2428 Conceditur
411 2392 476 2438 vjw
495 2393 584 2427 Maii
603 2393 626 2427 J
629 2405 660 2428 o.
678 2393 852 2428 Hamond
874 2397 914 2427 vt
931 2393 1100 2429 studium
1119 2395 1140 2430 7
1158 2406 1343 2430 annorum
1362 2395 1401 2430 in
1419 2395 1499 2431 iure
1515 2396 1614 2431 civili
1634 2400 1718 2443 post
1737 2395 1761 2433 f.
1787 2394 1838 2433 97
1858 2407 1883 2431 a

262 2450 419 2497 gradum
437 2451 750 2487 bachalaureatus
767 2452 806 2487 in
823 2451 955 2487 eodem
972 2452 1053 2488 iure
1069 2456 1287 2499 susceptum
1305 2465 1392 2488 cum
1417 2455 1718 2501 oppositionibus

264 2510 570 2557 responsionibus
598 2515 637 2546 et
666 2511 751 2546 aliis
779 2511 968 2547 exercitiis
996 2523 1064 2558 per
1091 2516 1239 2548 statuta
1264 2513 1459 2559 requisitis
1483 2514 1719 2560 perficiendis

265 2570 364 2605 infra
379 2581 522 2605 annum
539 2581 605 2605 sue
621 2569 862 2605 admissionis
882 2569 954 2605 sub
976 2582 1074 2616 pena
1096 2571 1155 2606 xli
1179 2571 1353 2618 ponenda
1374 2572 1414 2607 in
1437 2572 1613 2609 manibus
1635 2585 1718 2620 pro·

265 2633 479 2664 curatorum
497 2632 585 2664 ante
602 2628 683 2664 eius
699 2628 965 2664 admissionem
982 2629 1145 2665 sufficiat
1157 2630 1190 2666 ei
1204 2630 1252 2666 ad
1265 2630 1522 2677 incipiendum
1535 2632 1574 2667 in
1587 2632 1718 2669 eodem

261 2687 346 2734 jure
362 2688 418 2722 ita
435 2691 477 2722 vt
492 2687 573 2722 eius
589 2687 769 2723 admissio
785 2690 862 2723 stet
878 2687 947 2734 pro
963 2688 1161 2734 completis
1176 2689 1295 2736 gradu
1311 2692 1350 2724 et
1366 2690 1487 2726 forma
1499 2690 1718 2727 doctoratus

267 2747 306 2781 in
326 2745 457 2782 eodem
479 2749 518 2781 et
539 2746 591 2781 sit
612 2749 701 2781 actu
722 2745 854 2782 doctor
874 2746 1054 2792 quoniam
1077 2746 1220 2794 absque
1242 2759 1378 2794 magno
1400 2760 1469 2784 suo
1490 2748 1719 2787 detrimento

266 2805 420 2841 comitia
435 2806 605 2852 proxima
621 2809 815 2852 expectare
833 2818 907 2841 non
931 2809 1057 2852 potest
1074 2807 1129 2842 ita
1146 2809 1274 2842 tamen
1297 2810 1340 2842 vt
1362 2807 1584 2843 convivetur
1633 2809 1718 2845 Pre-

265 2866 438 2899 sentatus
454 2875 522 2910 per
532 2864 721 2900 doctorem
735 2864 849 2900 Ithell
862 2868 901 2900 et
911 2864 1100 2900 admissus
1111 2865 1241 2901 eodem
1276 2866 1435 2912 (peregit
1451 2866 1578 2902 omnia
1586 2869 1718 2915 marg.)
