2008 3294
151 178 369 234 1586-87]
733 187 885 219 GRAcE
916 187 1038 219 BOOK
1073 186 1102 217 Δ
1612 177 1698 217 415

244 291 381 328 habeat
397 291 670 328 testimoniales
686 291 868 338 sigillatas
885 289 1007 336 sigillo
1024 291 1149 325 vestro
1165 289 1357 325 communi
1419 287 1561 324 Eadem
1579 288 1700 335 gratia

243 351 460 388 conceditur
484 351 614 388 eodem
639 350 818 397 magistro
848 347 1031 385 Nicholao
1060 348 1187 384 Steers
1215 347 1400 394 theologie
1430 346 1699 383 bacchalaureo

243 413 266 445 8
287 410 379 446 Maii
402 409 604 446 Laurentio
625 409 696 444 Lee
755 410 817 446 27ο
839 408 931 444 Maii
954 407 1046 443 Tho.
1072 406 1253 443 Whitnell
1277 407 1316 442 in
1339 406 1486 442 artibus
1509 406 1700 453 magistris

244 473 282 504 5⁰
297 469 321 505 J
325 469 391 504 ulii
409 468 589 515 magistro
605 467 628 503 J
632 479 662 504 o.
685 466 833 503 Hearde
852 466 914 502 W⁰
933 466 1069 502 Hawes
1092 466 1234 512 Rogero
1259 464 1409 500 Morrell
1435 464 1536 501 Osm.
1557 464 1700 500 Boornc

246 526 368 563 David
387 526 569 563 Robertes
585 538 689 562 sacre
706 525 890 572 theologie
907 524 1187 562 bacchalaureis

151 585 377 621 Conceditur
393 588 431 622 20
448 585 471 621 J
475 585 554 622 unii
604 585 700 621 Cum
717 586 876 621 oratoris
893 584 1009 620 vestri
1029 595 1168 620 munus
1187 582 1316 619 multis
1333 583 1546 630 expositum
1564 582 1695 618 labori-

243 643 313 679 bus
330 655 444 691 parvo
460 643 666 680 admodum
683 643 872 690 stipendio
889 646 1154 690 compensetur
1170 652 1303 689 parum
1319 640 1433 688 digno
1446 644 1527 677 tam
1541 641 1697 677 honeste

244 702 539 738 existimacionis
571 702 691 738 officio
723 701 850 737 Placet
883 700 990 736 vobis
1023 704 1065 736 vt
1098 701 1137 736 in
1171 712 1340 736 annuum
1374 700 1487 736 huius
1520 700 1698 747 stipendii

246 761 521 797 incrementum
538 760 674 807 singuli
692 759 869 807 deinceps
885 759 1112 796 admittendi
1129 759 1177 795 ad
1195 758 1495 806 respondendum
1510 759 1698 806 questioni

245 832 309 855 sex
337 819 510 856 denarios
534 822 573 856 et
597 819 735 866 singuli
766 818 994 855 admittendi
1020 819 1067 855 ad
1093 818 1349 866 incipiendum
1374 819 1414 854 in
1439 818 1585 854 artibus
1609 818 1698 854 duo—

245 879 365 916 decim
393 879 568 915 denarios
596 879 734 915 oratori
763 878 912 915 solvant
937 881 976 914 et
1002 881 1043 914 vt
1068 878 1136 914 hec
1161 878 1352 914 concessio
1378 881 1502 914 vestra
1527 889 1700 925 procura-

244 942 370 974 torum
386 937 493 974 libris
510 938 608 974 infra
623 937 751 974 decem
774 937 856 974 dies
876 938 1018 973 inserta
1038 949 1105 984 pro
1125 940 1273 973 statuto
1293 936 1479 973 habeatur
1537 940 1574 972 2ο
1593 937 1615 972 J
1621 937 1700 972 unii

243 1008 343 1032 anno
361 996 513 1032 Domini
535 998 624 1033 1587
643 998 683 1032 et
700 996 803 1043 regni
821 996 947 1043 regine
965 995 1184 1032 Elizabethe
1202 998 1247 1032 29

152 1055 379 1092 Conceditur
410 1058 453 1092 12
485 1055 592 1091 Junii
653 1054 748 1090 Cum
779 1054 1033 1102 superioribus
1061 1054 1163 1090 hisce
1186 1054 1319 1090 diebus
1343 1054 1498 1101 quidam
1524 1055 1701 1102 oppidani

246 1119 398 1160 propter
422 1111 606 1148 demerita
631 1124 700 1148 sua
725 1116 764 1148 et
791 1110 1079 1148 intollerabilem
1102 1111 1282 1148 adversus
1305 1112 1536 1148 academiam
1559 1116 1599 1148 et
1621 1124 1701 1148 aca-

245 1170 409 1208 demicos
438 1170 749 1218 ingratitudinem
777 1182 800 1206 a
828 1169 1074 1206 contubernio
1098 1170 1326 1206 scholarium
1351 1174 1442 1206 sunt
1466 1171 1638 1218 suspensi
1664 1174 1702 1207 et

245 1228 432 1266 scholares
453 1231 493 1264 et
514 1239 643 1265 eorum
665 1227 797 1264 famuli
821 1239 907 1264 cum
929 1227 1071 1264 eisdem
1096 1228 1230 1274 quovis
1256 1227 1366 1264 modo
1391 1228 1610 1265 contrahere
1635 1234 1702 1265 aut

248 1288 432 1336 negociari
455 1288 586 1325 stricte
609 1291 648 1324 et
670 1287 742 1324 sub
763 1288 866 1334 gravi
890 1288 1032 1324 mulcta
1053 1291 1145 1324 sunt
1167 1287 1358 1324 interdicti
1383 1288 1511 1324 Placet
1532 1288 1637 1325 vobis
1660 1293 1702 1325 vt

247 1347 462 1384 huiusmodi
485 1347 678 1384 antedicta
699 1346 850 1383 decreta
873 1351 912 1383 et
937 1347 975 1383 in
1002 1351 1193 1394 posterum
1215 1347 1448 1384 decernenda
1470 1352 1594 1384 vestra
1617 1361 1702 1384 auc·

247 1407 401 1443 toritate
432 1410 515 1443 rata
543 1411 583 1443 et
611 1407 719 1443 firma
748 1406 960 1443 habeantur
984 1411 1023 1442 et
1047 1406 1086 1442 in
1113 1410 1304 1454 posterum
1335 1419 1411 1444 non
1440 1407 1704 1444 rescindantur

249 1467 330 1503 sine
352 1478 536 1503 consensu
561 1469 601 1503 et
626 1478 782 1502 assensu
806 1466 926 1502 totius
948 1469 1103 1502 senatus
1162 1466 1214 1502 Et
1239 1467 1340 1514 quod
1370 1466 1437 1503 hec
1464 1468 1607 1514 rogatio
1637 1480 1704 1515 pro

247 1530 393 1563 statuto
415 1526 600 1563 habeatur
622 1529 661 1562 et
684 1527 723 1562 in
747 1526 862 1562 libros
887 1529 1172 1573 procuratorum
1194 1525 1429 1563 describatur
1453 1527 1551 1564 infra
1574 1527 1702 1564 decem

247 1586 328 1622 dies
344 1586 533 1633 proximos
550 1586 791 1632 insequentes
840 1586 890 1622 Et
907 1586 1061 1633 insuper
1078 1588 1119 1622 vt
1137 1586 1273 1633 singuli
1291 1586 1492 1622 academici
1518 1588 1704 1624 cautiores

248 1644 326 1680 sint
347 1646 387 1680 et
410 1643 591 1680 mulctam
613 1643 860 1690 prescriptam
883 1643 1054 1679 devitent
1077 1647 1119 1679 vt
1144 1643 1211 1680 hec
1234 1643 1379 1690 rogatio
1400 1644 1559 1691 singulis
1584 1645 1703 1681 futuri

249 1703 429 1751 temporis
455 1703 629 1739 terminis
655 1703 781 1750 palam
806 1706 845 1738 et
867 1703 1015 1750 publice
1038 1714 1105 1750 per
1126 1702 1288 1739 alterum
1312 1707 1599 1750 procuratorum
1622 1716 1703 1752 pre-

247 1763 392 1809 legatur
408 1762 448 1799 in
465 1762 575 1810 pleno
601 1767 640 1798 et
666 1762 853 1809 frequenti
875 1766 1009 1799 senatu
1028 1774 1101 1798 vna
1123 1774 1210 1799 cum
1234 1762 1451 1799 nominibus
1474 1764 1642 1800 omnium
1666 1767 1704 1799 et

248 1821 481 1868 singulorum
498 1821 552 1857 sic
571 1824 611 1857 vt
629 1821 835 1868 predicitur
851 1833 1120 1869 suspensorum

157 1880 384 1918 Conceditur
410 1883 432 1916 2
458 1880 565 1916 Junii
623 1879 719 1916 Cum
745 1883 892 1917 statuto
917 1885 1072 1917 cautum
1102 1881 1154 1916 sit
1179 1884 1221 1917 vt
1246 1893 1376 1917 omnes
1401 1882 1540 1918 mulcte
1564 1894 1638 1930 que
1663 1884 1701 1919 in

249 1940 360 1986 regiis
385 1940 544 1976 statutis
572 1943 664 1976 sunt
690 1939 895 1986 prescripte
922 1940 959 1976 in
991 1943 1068 1976 tres
1094 1943 1221 1986 partes
1247 1939 1469 1977 dividantur
1495 1942 1567 1978 nisi
1594 1943 1704 1980 aliter

248 1999 428 2046 singulari
449 1999 577 2045 aliqua
598 1999 676 2046 lege
698 1999 750 2035 sit
771 2000 963 2046 provisum
987 2011 1062 2047 quo
1084 1999 1237 2046 quidem
1262 2012 1335 2036 non
1360 2000 1535 2037 obstante
1557 2006 1703 2039 statuto

250 2058 397 2105 questio
430 2070 504 2094 non
537 2058 592 2094 ita
624 2057 770 2104 pridem
802 2058 902 2094 facta
934 2058 985 2094 eit
1018 2058 1064 2094 ad
1098 2069 1193 2105 quos
1225 2059 1465 2105 potissimum
1499 2061 1703 2107 pertineret

251 2117 393 2154 mulcta
410 2117 474 2153 illa
489 2117 618 2153 decem
634 2117 839 2153 solidorum
856 2129 971 2164 quain
990 2129 1055 2153 vos
1072 2128 1171 2153 anno
1188 2116 1331 2153 domini
1348 2122 1439 2156 1578
1458 2121 1597 2156 mensis
1618 2133 1702 2156 vero

251 2177 379 2213 Martii
402 2175 462 2212 die
486 2178 532 2212 23
553 2175 881 2212 concionatoribus
900 2180 1055 2223 propter
1073 2177 1233 2213 omissas
1255 2178 1453 2214 conciones
1476 2182 1601 2215 vestro
1618 2192 1702 2216 cou-

252 2247 363 2272 sensu
400 2238 484 2271 tum
517 2234 707 2271 stabilitas
739 2234 981 2281 infligendam
1013 2235 1232 2272 decrevistis
1264 2236 1468 2273 eorundem
1504 2238 1703 2285 Regiorum

251 2298 480 2332 statutorum
515 2294 741 2330 auctoritate
774 2294 913 2330 muniti
942 2306 1103 2341 cumque
1132 2295 1171 2330 in
1197 2295 1260 2331 illo
1286 2298 1411 2332 vestro
1435 2296 1584 2333 decreto
1610 2298 1704 2334 nihil

251 2353 458 2400 reperiatur
474 2365 549 2400 quo
566 2353 693 2389 minus
710 2352 853 2388 mulcta
870 2349 1044 2388 videatur
1061 2354 1099 2388 iu
1118 2356 1196 2389 tres
1213 2356 1339 2400 partes
1361 2354 1563 2392 dividenda
1578 2357 1704 2394 Placet

250 2412 356 2449 vobis
368 2418 410 2448 vt
427 2411 554 2448 eadem
573 2412 715 2448 mulcta
732 2424 754 2447 x
767 2424 786 2447 s
803 2412 877 2447 iam
892 2411 978 2447 inde
991 2423 1013 2447 a
1027 2412 1122 2448 festo
1137 2412 1332 2449 Michaelis
1344 2414 1511 2461 proxime
1526 2417 1703 2462 preterito

249 2473 378 2508 exacta
399 2474 439 2507 et
461 2471 500 2506 in
521 2473 712 2517 posterum
735 2470 914 2516 exigenda
936 2471 973 2506 in
1001 2474 1078 2507 tres
1101 2476 1228 2518 partes
1252 2472 1444 2509 dividatur
1467 2477 1507 2510 et
1531 2475 1705 2511 similiter

246 2530 415 2576 exigatur
430 2529 746 2576 quemadmodum
764 2530 905 2577 relique
923 2530 1063 2567 mulcte
1079 2532 1343 2567 concionatori'
1353 2544 1404 2568 sus
1421 2534 1532 2580 regiis
1544 2537 1703 2571 statutis

250 2588 425 2635 imposite
473 2588 601 2635 Atque
623 2590 664 2623 vt
687 2588 755 2624 hec
779 2592 903 2624 vestra
925 2590 1113 2625 concessio
1137 2601 1204 2637 pro
1229 2594 1376 2627 statuto
1399 2591 1581 2629 habeatur
1603 2598 1641 2629 et
1664 2595 1703 2630 in

250 2647 355 2684 libris
371 2650 655 2694 procuratorum
673 2648 770 2684 infra
787 2660 849 2684 sex
866 2648 947 2684 dies
964 2649 1190 2686 inscribatur
1207 2650 1278 2686 sub
1298 2662 1394 2697 pena
1416 2663 1468 2687 xs
1490 2653 1703 2699 registrario

249 2705 297 2742 ad
314 2716 423 2741 vsum
438 2705 626 2742 academie
643 2706 970 2752 persolvendorum

156 2765 381 2802 Conceditur
397 2767 419 2800 5
435 2764 458 2800 J
463 2765 528 2800 ulii
546 2768 588 2800 vt
605 2766 781 2812 magister
799 2766 1005 2802 Malachias
1022 2767 1132 2814 Kelly
1150 2767 1190 2803 iu
1207 2767 1353 2804 artibus
1370 2769 1548 2815 magister
1569 2770 1702 2806 Hiber—

251 2835 323 2861 nus
351 2835 450 2860 nunc
479 2824 518 2860 in
548 2825 711 2871 patriam
740 2837 847 2861 suam
877 2837 1094 2862 reuersurus
1119 2827 1256 2863 habeat
1280 2827 1408 2863 literas
1434 2828 1703 2866 testimoniales

248 2882 386 2930 gradus
409 2885 448 2918 et
472 2883 770 2919 conversacionis
794 2895 860 2921 sue
884 2884 1067 2931 sigillatas
1090 2884 1212 2932 sigillo
1237 2889 1362 2921 vestro
1386 2887 1577 2923 communi
