2002 3236
295 153 323 193 4
876 163 1029 194 GRAcE
1059 162 1183 193 Boon
1215 161 1244 192 Δ
1624 146 1847 203 [1542-43

363 437 587 481 Numerus
618 438 1026 482 bacchalaureorum
1056 437 1103 480 in
1132 437 1300 480 artibus
1329 437 1455 479 iuxta
1484 433 1783 478 senioritatem

953 508 1033 550 hoc
1063 513 1196 550 anno¹

516 618 656 665 Rogers
964 617 1159 664 Mydleton
1482 615 1636 651 Murton

515 676 662 723 Grygge
900 675 936 711 d.
963 675 1131 710 Lancton
1482 673 1637 709 Lovelas

517 734 659 770 Blande
967 733 1102 780 Lyster
1485 731 1685 778 Twhaytes

454 793 490 829 d.
517 792 724 829 Grenwood
968 791 1104 838 Myche
1485 790 1612 826 Rooke

515 852 708 888 Gravener
965 851 1199 898 Standysshe
1485 849 1663 896 Heskyns

518 910 721 947 Hawfarde
967 910 1084 956 Batty
1484 908 1587 945 Snell

517 971 638 1018 Bayly
964 969 1142 1016 Templar
1484 967 1638 1015 Gybson

518 1028 723 1065 Bradshaw
967 1027 1106 1064 Leedes
1483 1024 1645 1073 Tyndall

517 1087 681 1124 Bownde
969 1086 1153 1134 Partryck
1485 1084 1636 1132 Pyndar

520 1147 632 1194 Maye
969 1145 1141 1182 Pollorde
1486 1143 1604 1179 Wade

516 1205 647 1242 Sadler
963 1203 1222 1252 Grymsdyche
1483 1202 1654 1239 Machett

177 1427 204 1466 ί.
227 1427 250 1465 2
266 1426 294 1464 b
847 1423 1046 1481 Magistri
1077 1424 1122 1466 in
1153 1423 1321 1466 artibus

308 1537 354 1572 In
377 1537 510 1584 primis
531 1537 750 1574 conceditur
771 1536 908 1573 Joanni
927 1536 1206 1573 Christoferson
1224 1539 1267 1572 vt
1289 1539 1373 1572 octo
1395 1536 1547 1572 termini
1571 1537 1747 1584 completi
1773 1540 1859 1585 post

403 1598 485 1634 eius
502 1597 652 1633 finalem
664 1596 1019 1634 determinationem
1033 1607 1120 1631 cum
1137 1595 1260 1632 tribus
1273 1594 1577 1642 responsionibus
1588 1607 1748 1642 quarum
1765 1596 1860 1632 duas

405 1655 540 1692 habuit
569 1656 608 1691 in
634 1655 780 1691 vltimis
807 1653 1188 1691 determinationibus
1213 1654 1404 1690 sufficiant
1432 1653 1504 1690 sibi
1529 1654 1578 1690 ad
1605 1654 1859 1702 incipiendum

405 1715 444 1750 in
466 1713 614 1750 artibus

313 1774 411 1810 ltem
444 1772 663 1809 conceditur
694 1772 848 1808 domino
877 1772 1032 1819 Wylson
1062 1775 1104 1808 vt
1133 1783 1265 1807 novem
1295 1771 1448 1807 termini
1482 1775 1567 1818 post
1600 1772 1747 1808 finalem
1781 1772 1863 1809 eius

406 1831 760 1868 determinationem
783 1831 822 1867 in
846 1829 985 1878 quibus
1008 1829 1186 1866 lectiones
1203 1828 1410 1865 ordinarias
1426 1829 1575 1866 audiuit
1597 1841 1663 1876 per
1682 1830 1860 1867 maiorem

408 1895 554 1939 partem
572 1891 612 1927 in
629 1893 711 1926 toto
723 1901 809 1926 cum
827 1889 950 1926 tribus
966 1887 1272 1936 responsionibus
1287 1888 1476 1925 sufficiant
1492 1889 1526 1925 ei
1542 1889 1590 1926 ad
1608 1890 1861 1938 incipiendum

407 1951 447 1987 in
471 1950 618 1987 artibus

316 2009 457 2046 Eadem
481 2010 604 2056 gratia
627 2009 674 2046 de
698 2009 812 2045 verbo
838 2009 877 2045 in
902 2008 1059 2045 verbum
1082 2007 1299 2044 conceditur
1323 2007 1486 2044 dominis
1508 2008 1697 2045 Assheton
1719 2009 1766 2046 de
1789 2010 1861 2046 001-

410 2069 505 2115 legio
540 2069 639 2105 Petri
672 2067 836 2105 Roberto
864 2067 971 2104 Fuell
1003 2067 1168 2104 dominis
1198 2067 1301 2103 Here
1336 2066 1523 2103 Gulielmo
1555 2067 1685 2115 Lewys
1719 2068 1863 2105 Thome

411 2128 542 2165 Dobbe
564 2132 603 2165 et
621 2127 822 2165 Edmundo
841 2127 966 2164 Leisee

318 2187 414 2223 Item
433 2186 651 2223 conceditur
668 2186 819 2233 Hugoni
838 2186 1014 2233 Rawlyns
1031 2185 1170 2222 artium
1196 2184 1460 2221 bacchalaureo
1478 2184 1632 2221 Oxoniis
1650 2190 1691 2222 vt
1707 2189 1784 2223 stet
1803 2186 1864 2223 hic

411 2247 450 2283 in
466 2245 596 2283 eodem
614 2245 732 2293 gradu
747 2258 823 2293 quo
845 2248 1005 2282 steterat
1022 2244 1161 2281 ibidem
1183 2248 1222 2281 et
1235 2248 1277 2280 vt
1294 2255 1426 2281 novem
1443 2244 1595 2280 termini
1612 2247 1698 2292 post
1714 2245 1863 2283 finalem

410 2306 491 2342 eius
506 2305 858 2342 determinationem
885 2305 923 2341 in
940 2304 1080 2352 quibus
1097 2303 1274 2340 lectiones
1291 2302 1498 2340 ordinarias
1514 2303 1663 2340 audiuit
1682 2303 1770 2341 licet
1789 2317 1863 2341 non

412 2365 566 2401 omnino
582 2364 788 2401 secundum
810 2364 968 2401 formam
986 2364 1122 2400 statuti
1140 2375 1226 2399 cum
1242 2362 1390 2399 duabus
1411 2362 1714 2410 responsionibus
1730 2367 1769 2400 et
1793 2376 1866 2401 vna

413 2422 621 2459 variatione
636 2434 737 2459 anno
753 2422 922 2470 proximo
938 2422 1128 2458 sufficiant
1144 2420 1216 2458 sibi
1233 2420 1280 2457 ad
1299 2420 1553 2468 incipiendum
1570 2420 1608 2456 in
1625 2421 1772 2458 artibus

321 2482 418 2518 Item
447 2480 664 2517 conceditur
698 2480 861 2517 Roberto
889 2480 1044 2527 Cowper
1072 2484 1115 2516 vt
1143 2491 1278 2516 novem
1306 2479 1459 2516 termini
1492 2483 1578 2526 post
1606 2479 1755 2517 finalem
1784 2481 1866 2517 eius

411 2540 764 2577 determinationem
799 2540 837 2576 in
871 2539 1010 2588 quibus
1040 2540 1216 2577 lectiones
1249 2538 1456 2576 ordinarias
1488 2538 1636 2575 audiuit
1669 2538 1756 2575 licet
1791 2552 1864 2576 non

413 2601 567 2637 omnino
599 2599 805 2637 secundum
835 2601 994 2637 formam
1029 2599 1166 2636 statuti
1196 2611 1282 2636 cum
1313 2597 1436 2635 tribus
1462 2597 1766 2646 responsionibus
1790 2600 1866 2636 suf-

417 2659 543 2696 ficiant
567 2658 639 2695 sibi
664 2658 712 2695 ad
738 2657 992 2707 incipiendum
1019 2658 1057 2695 in
1083 2657 1230 2695 artibus

389 2793 398 2815 ¹
423 2794 536 2828 'rhem
563 2804 684 2828 nemen
707 2804 764 2829 are
783 2793 919 2828 written
940 2793 977 2828 in
999 2802 1066 2827 one
1092 2793 1233 2827 column
1261 2791 1427 2837 nidewny·
1450 2801 1567 2828 aoros·
1590 2790 1650 2827 the
1674 2791 1807 2826 bottom
1833 2792 1871 2827 of

322 2852 368 2886 lo.
385 2852 437 2885 2·
461 2851 548 2885 from
573 2850 635 2886 lest
657 2854 694 2886 to
716 2850 822 2894 right.
