2008 3216
163 164 382 222 1557-58]
655 154 657 156 μ
749 175 902 207 emon:
934 174 1058 206 BooK
1090 174 1120 204 Δ
1631 163 1715 204 129

164 279 262 316 Item
293 282 338 315 23
363 279 470 316 Junii
500 278 716 315 conceditur
748 278 900 315 domino
928 278 1065 314 Baxter
1090 276 1235 314 badello
1263 277 1323 313 cui
1353 288 1452 312 anno
1481 276 1606 322 elapso
1633 287 1718 311 con-

256 350 403 375 cessum
435 341 494 375 est
524 341 567 374 vt
590 338 672 374 eius
696 338 875 374 admissio
899 340 977 374 stet
1002 337 1037 373 ei
1063 348 1132 384 pro
1160 335 1358 384 completis
1382 335 1501 382 gradu
1532 338 1572 371 et
1600 335 1719 371 forma

257 397 462 444 magisterii
491 397 531 432 in
556 396 703 432 artibus
727 397 783 432 ita
811 395 968 432 eandem
998 395 1159 442 gratiam
1184 394 1354 430 obtineat
1378 396 1421 430 vt
1445 405 1521 429 non
1545 395 1720 429 teneatur

256 456 413 492 vlterius
437 455 485 492 ad
510 454 743 491 visitandum
773 454 821 491 ad
847 454 1121 502 disputandum
1145 457 1214 490 aut
1241 453 1487 490 necessariam
1511 452 1717 499 regentiam

255 513 550 550 continuandam
566 525 632 560 per
645 512 842 550 biennium
854 524 930 549 non
943 512 1119 549 obstante
1131 515 1278 548 statuto
1290 511 1356 548 sed
1369 510 1554 547 consimili
1567 510 1718 557 caputio

258 575 389 610 vtetur
413 572 452 608 in
477 571 695 608 solennibus
720 571 883 608 comitiis
907 571 1143 618 generalibus
1167 569 1466 619 processionibus
1489 572 1527 605 et
1551 569 1718 615 exequiis

253 643 330 679 quo
345 630 458 667 ceteri
474 630 609 666 bedelli
626 630 797 678 magistri
814 630 854 666 in
871 629 1018 666 artibus
1034 629 1091 666 vti
1107 629 1278 666 solebant

161 693 206 726 23
223 690 247 726 J
249 689 328 727 unii
390 688 608 725 conceditur
628 688 773 724 doctori
790 688 1030 725 Beamounde
1047 691 1089 724 vt
1110 687 1320 735 disputatio
1336 686 1417 723 eius
1433 686 1554 734 possit
1573 685 1713 722 differri

257 749 296 786 in
312 748 524 795 proximum
541 758 685 783 annum
702 747 758 783 ita
774 750 817 783 vt
835 747 902 783 fiat
919 750 1008 783 ante
1027 746 1169 783 Pascha

165 812 201 844 1⁰
217 807 241 844 J
244 807 311 844 ulii
328 806 547 843 conceditur
562 805 714 842 domino
739 806 919 853 Hoskyns
936 808 979 842 vt
995 817 1119 842 sermo
1140 804 1188 841 ad
1205 804 1346 841 clerum
1370 804 1418 840 ad
1435 815 1548 851 quem
1565 806 1716 840 tenetur

257 865 402 902 ratione
420 864 558 911 gradus
580 865 745 911 suscepti
766 864 886 911 possit
908 863 1048 900 differri
1071 863 1109 899 in
1133 863 1345 910 proximum
1367 874 1510 900 annum
1534 862 1714 909 quoniam

257 927 408 972 propter
425 923 597 960 morbum
615 935 688 959 non
707 923 833 971 potuit
849 934 935 958 eum
953 922 1127 969 perficere
1144 922 1308 970 presenti
1325 933 1425 958 anno

740 1193 1010 1252 Incorporati
1043 1194 1140 1250 [sic]

163 1323 261 1359 Item
291 1325 330 1358 3⁰
353 1322 447 1359 Julii
471 1321 687 1358 conceditur
710 1320 914 1357 venerabili
940 1321 1020 1357 viro
1043 1320 1186 1357 doctori
1213 1320 1340 1356 Fuller
1363 1320 1544 1366 magistro
1569 1319 1712 1367 collegii

257 1382 349 1418 Jesu
365 1385 408 1418 vt
423 1381 475 1417 sit
492 1381 552 1417 hic
568 1380 669 1427 apud
686 1392 753 1416 vos
770 1380 808 1416 in
825 1379 955 1416 eodem
972 1379 1090 1426 gradu
1106 1390 1182 1426 quo
1198 1382 1256 1414 est
1274 1378 1428 1414 Oxoniis

274 2957 309 2984 ι..
331 2957 386 2985 lv.
1578 2946 1601 2984 9
