2008 3294
347 172 430 212 282
928 183 1079 215 ermon
1110 184 1232 215 ΒοοΚ
1265 183 1295 214 Δ
1672 170 1892 227 [1574-75

437 286 618 332 magistro
654 286 822 323 Johanni
860 287 938 323 Cox
973 287 1154 334 magistro
1192 287 1374 323 Maurisio
1411 287 1612 323 Fawconer
1643 288 1684 322 et
1716 285 1896 332 magistro

436 344 616 380 Gualtero
641 345 784 381 Barker
845 346 1056 382 Presentati
1082 358 1148 392 per
1171 346 1360 382 doctorem
1387 345 1602 382 Chaderton

341 404 570 439 Conceditur
586 404 645 440 3J
647 404 728 440 unii
746 405 927 451 magistro
943 405 965 440 J
969 417 1001 440 o.
1017 405 1151 441 Sterne
1164 408 1207 441 vt
1223 405 1395 441 studium
1412 406 1433 442 7
1447 416 1633 441 annorum
1651 404 1691 440 in
1709 404 1895 450 theologia

434 466 638 510 postquam
661 464 799 499 rexerit
821 464 860 500 in
883 464 1030 500 artibus
1052 476 1139 500 cum
1157 476 1231 500 vna
1253 463 1494 511 responsione
1511 476 1586 500 vna
1601 463 1839 511 opposicione
1855 466 1895 499 et

435 534 510 557 vno
534 534 705 558 sermone
725 521 774 558 ad
798 522 979 569 populum
1003 522 1167 558 sufficiat
1188 522 1223 558 ei
1247 524 1327 558 tam
1349 522 1397 558 ad
1421 521 1686 569 opponendum
1708 533 1823 569 quam
1847 521 1895 557 ad

436 581 656 618 intrandum
682 582 721 617 in
746 594 853 618 sacra
877 582 1065 627 theologia

340 641 569 678 Conceditur
600 642 730 678 eodem
764 642 945 691 magistro
978 642 1070 678 Tho.
1102 642 1238 677 Far-fax
1267 641 1327 677 cui
1357 641 1539 688 superiori
1568 641 1629 677 die
1657 640 1896 676 concessistis

434 702 596 747 gratiam
625 701 673 738 ad
706 702 971 749 opponendum
1001 705 1040 738 et
1073 701 1295 738 intrandum
1324 702 1363 737 in
1393 713 1499 737 sacra
1527 700 1715 747 theologia
1743 703 1786 736 vt
1813 700 1895 736 eius

435 760 628 807 responsio
650 763 690 796 et
712 761 902 808 opposicio
925 763 1123 797 mutentur
1145 761 1184 796 in
1208 772 1417 796 sermonem
1435 760 1482 796 ad
1500 760 1641 796 clerum
1657 763 1697 796 et
1713 771 1830 796 vnum
1847 758 1895 795 ad

434 820 616 867 populum
639 820 679 856 in
702 819 893 856 academie
916 820 1057 868 templo
1080 823 1170 856 ante
1185 820 1268 856 eius
1284 819 1551 856 admissionem
1568 819 1659 866 quia
1673 818 1896 855 difficultate

434 879 611 915 audiendi
641 880 696 916 ita
723 879 871 916 laborat
894 883 938 916 vt
962 883 1094 917 contra
1120 880 1362 927 disputantes
1390 879 1580 927 percipere
1603 881 1642 916 et
1666 877 1796 914 audire
1820 889 1896 913 non

435 939 556 985 possit

341 998 569 1035 Conceditur
597 998 720 1045 primo
744 998 768 1034 J
771 998 838 1034 ulii
863 1001 907 1035 vt
935 1010 1057 1035 sermo
1086 998 1134 1035 ad
1163 999 1304 1035 clerum
1330 998 1378 1035 ad
1402 1010 1517 1046 quem
1542 1000 1694 1034 tenetur
1717 996 1896 1043 magister

436 1058 560 1094 Slater
588 1058 734 1094 ratione
762 1058 900 1105 gradus
929 1059 987 1095 sui
1017 1059 1247 1106 suscipiendi
1276 1058 1398 1106 possit
1421 1057 1590 1094 converti
1619 1057 1659 1093 in
1684 1068 1894 1093 sermonem

435 1117 483 1153 ad
520 1117 703 1164 populum
736 1116 914 1164 quoniam
955 1117 1102 1164 magnis
1138 1120 1177 1153 et
1213 1116 1392 1164 gravibus
1427 1116 1591 1164 negociis
1627 1115 1895 1162 archiepiscopi

437 1176 684 1213 Eboracensis
715 1180 923 1224 occupatus
956 1188 1031 1212 non
1064 1176 1192 1223 potuit
1224 1179 1393 1223 tempore
1426 1175 1557 1212 adesse
1585 1174 1633 1210 ad
1666 1173 1896 1222 peragendos

435 1249 566 1272 omnes
588 1239 697 1273 actus
719 1249 815 1284 quos
837 1237 958 1273 voluit
980 1236 1230 1273 libentissime
1253 1237 1428 1283 perficere
1451 1236 1483 1272 si
1506 1235 1688 1282 temporis
1710 1234 1898 1281 angustiis

436 1308 511 1332 non
536 1297 812 1343 opprimeretur

829 1492 947 1536 Ordo
977 1492 1242 1534 senioritatis
1272 1507 1408 1549 mary.

486 1603 540 1638 Mr
565 1603 699 1638 Farfax
971 1601 1026 1636 Mr
1052 1601 1217 1647 Norgate
1479 1600 1534 1635 Mr
1560 1599 1755 1635 Fauconar

486 1662 540 1697 ΜΙΓ
564 1660 750 1697 Chalenor
969 1660 1023 1695 Μ’Γ
1049 1661 1212 1696 Stanton
1479 1659 1534 1694 M*
1559 1659 1675 1706 Sayer

486 1721 540 1756 M‘
567 1720 709 1756 Leache
970 1719 1025 1754 M*
1049 1719 1127 1754 Cox
1481 1719 1536 1754 Mr
1560 1718 1684 1755 Slater

486 1781 541 1816 M*
566 1780 708 1816 Barker
970 1779 1024 1815 Mr
1049 1778 1185 1826 Smyth
1480 1778 1535 1814 M*
1559 1779 1694 1814 Sterne

487 1839 541 1875 Μῐ
568 1839 711 1874 Boothe

853 2014 1062 2056 Doctores
1093 2012 1137 2054 in
1171 2011 1391 2069 theologia

343 2123 570 2159 Conceditur
592 2126 613 2158 5
638 2122 830 2159 Februarii
856 2121 1036 2168 magistro
1062 2121 1259 2157 Francisco
1283 2121 1511 2167 Dorrington
1532 2124 1572 2157 vt
1594 2121 1763 2157 studium
1789 2123 1810 2156 5
1833 2133 1896 2156 an-

438 2194 570 2218 norum
589 2183 627 2217 in
645 2181 831 2227 theologia
848 2184 934 2228 post
950 2179 1107 2226 gradum
1126 2178 1460 2216 bucchalanrcatus
1478 2180 1515 2215 in
1533 2179 1663 2215 eadem
1677 2182 1893 2226 susceptum

437 2255 522 2279 curn
545 2241 848 2290 opposicionibus
872 2239 1177 2288 responsionibus
1199 2240 1435 2276 sermonibus
1458 2243 1496 2276 et
1519 2240 1603 2275 aliis
1625 2238 1811 2275 exercitiis
1831 2250 1898 2286 per

437 2306 584 2338 statuta
606 2302 799 2349 requisitis
820 2301 983 2337 sufficiat
1004 2300 1036 2335 ei
1055 2299 1102 2335 ad
1125 2299 1379 2346 incipiendum
1399 2300 1435 2335 in
1454 2311 1560 2335 saera
1577 2298 1759 2345 theologia
1812 2298 1894 2333 Pre-

437 2364 611 2397 sentntns
631 2364 666 2397 1ο
682 2361 788 2397 .Ῑυιιίἱ
808 2372 874 2408 per
889 2360 1078 2396 doctorem
1103 2359 1279 2395 Hawsord

346 2421 483 2458 Emlem
509 2421 631 2467 gratio
655 2421 873 2457 conceditur
897 2424 919 2455 6
941 2419 1046 2455 Junii
1072 2419 1251 2465 :nagistro
1274 2418 1331 2455 δυ.
1356 2418 1454 2466 styll
1479 2422 1519 2454 et
1542 2422 1580 2454 2⁰
1595 2417 1688 2454 Julii
1716 2417 1895 2464 magistro

440 2480 602 2516 Roborto
621 2480 767 2517 Norton
821 2479 1030 2516 presentati
1050 2490 1116 2526 per
1132 2478 1322 2515 doctorem
1341 2477 1590 2526 Cha[derton]

341 2540 569 2576 Conmxfitur
592 2543 638 2577 20
657 2538 799 2587 Aprilis
817 2538 996 2585 magistro
1018 2537 1162 2574 Thome
1181 2538 1323 2574 Wilson
1342 2538 1483 2574 decano
1500 2537 1652 2574 ecclesie
1669 2536 1896 2573 cathedralis

442 2599 696 2645 vigorniensis
720 2601 760 2634 vt
785 2597 955 2634 studium
986 2601 1026 2633 12
1049 2609 1233 2633 annorum
1261 2598 1298 2633 in
1326 2597 1512 2643 theologia
1534 2599 1734 2644 postquam
1760 2596 1896 2632 rexerit

439 2659 474 2694 in
505 2657 653 2694 ortibus
681 2669 766 2693 cuni
800 2657 910 2693 vnicn
943 2657 1184 2703 malmnnimm
1215 2656 1271 2692 vel
1300 2656 1477 2692 concione
1506 2655 1553 2692 ad
1583 2655 1722 2691 clerum
1753 2657 1793 2691 et
1823 2666 1894 2691 vno

436 2729 606 2753 neri-ione
622 2716 668 2753 nul
688 2715 867 2764 populum
892 2715 927 2751 in
948 2714 1138 2751 awadmniu
1162 2714 1303 2762 templo
1325 2715 1488 2751 sufficiat
1510 2714 1543 2750 ei
1567 2714 1614 2751 ad
1638 2713 1893 2761 incipiendum

439 2777 474 2812 in
493 2788 599 2812 micro
617 2775 803 2821 thmlogia
856 2775 1097 2811 l’wsentetus
1113 2778 1136 2810 6
1153 2774 1258 2810 «lunii
1279 2786 1343 2821 per
1359 2773 1550 2810 doctorem
1570 2772 1783 2810 Chaderton

344 2834 454 2871 Meni,
473 2833 572 2881 quod
598 2834 778 2881 pmsessio
794 2832 989 2869 doctorum
1008 2833 1176 2869 oninium
1197 2833 1269 2869 fuit
1285 2832 1414 2869 eosdem
1435 2844 1501 2880 per
1517 2833 1644 2869 omnia
1660 2844 1746 2869 cum
1763 2844 1807 2869 ea
1823 2843 1896 2879 que

435 2893 607 2941 nulmrinn
623 2892 812 2940 descripto
828 2894 887 2928 ost
903 2895 942 2928 et
960 2891 1106 2939 prolato
1123 2903 1189 2939 per
1205 2891 1394 2929 doctorem
1416 2891 1625 2939 Whitgyste
