2008 3294
385 225 470 268 436
969 230 1120 262 omos
1150 229 1276 261 Boou
1307 228 1337 259 Δ
1715 217 1936 272 [1588-89

203 526 229 564 f.
254 525 371 563 1590.
830 515 1142 560 Bacchalaurei
1175 514 1222 556 in
1251 513 1353 571 jure
1383 512 1502 556 civili

387 646 615 683 Conceditur
649 646 692 682 17
723 643 815 680 Maii
848 643 872 679 J
875 655 906 679 o.
937 641 1159 678 Blomefeild
1190 642 1234 676 vt
1267 639 1438 676 studium
1471 651 1536 675 sex
1568 650 1754 675 annorum
1787 639 1827 675 in
1859 638 1941 675 iure

483 705 584 741 civili
616 715 691 739 vna
722 714 810 739 cum
843 700 1144 749 oppositionibus
1176 697 1483 746 responsionibus
1515 698 1723 744 ceterisque
1755 697 1942 734 exercitiis

483 776 550 811 per
574 765 722 799 statuta
746 761 847 808 regia
871 760 1067 808 requisitis
1089 760 1251 796 sufficiat
1273 759 1308 795 ei
1331 759 1378 794 ad
1402 757 1620 794 intrandum
1644 757 1684 793 in
1707 757 1837 793 eodem
1860 757 1941 793 iure

483 824 538 859 ita
560 826 603 858 vt
625 821 850 868 respondeat
873 820 913 856 in
938 819 1073 855 habitu
1097 818 1349 855 bacchalaurii
1409 817 1551 854 Eadem
1577 816 1699 864 gratia
1725 816 1942 852 conceditur

483 879 663 916 Christof.
689 878 849 914 Warner
872 880 911 913 et
936 876 1114 914 Christos.
1139 875 1287 923 Wyvell

881 1158 1092 1201 Doctores
1122 1157 1168 1199 in
1199 1156 1299 1214 jure
1330 1155 1447 1199 civili

391 1286 619 1322 Conceditur
634 1285 703 1333 vj⁰⁰
720 1284 940 1321 Decembris
958 1283 1142 1330 Magistro
1158 1283 1304 1319 Thoma
1320 1282 1457 1319 Talbot
1472 1284 1516 1318 vt
1531 1281 1701 1318 studium
1718 1284 1740 1317 5
1757 1291 1942 1316 annorum

485 1346 524 1381 in
542 1345 629 1392 jure
646 1344 747 1380 civili
764 1347 851 1390 post
867 1343 1025 1390 gradum
1043 1342 1378 1378 bacchalaureatus
1394 1341 1434 1377 in
1452 1340 1581 1377 eadem
1598 1340 1779 1377 facultate
1794 1350 1942 1386 suscep-

483 1407 568 1440 tum
590 1416 677 1440 cum
699 1403 848 1440 duabus
871 1406 1025 1439 tantum
1047 1401 1355 1449 responsionibus
1377 1401 1539 1437 sufficiat
1560 1401 1592 1437 ci
1616 1400 1664 1436 ad
1686 1399 1942 1447 incipiendum

483 1463 523 1499 in
547 1461 677 1498 eodem
701 1462 782 1497 iure
836 1460 1064 1498 Conceditur
1090 1463 1134 1496 15
1158 1460 1289 1496 Martii
1316 1460 1497 1507 magistro
1519 1459 1708 1495 Willelmo
1730 1458 1942 1495 Wilkinson

482 1524 526 1557 vt
557 1520 728 1557 studium
757 1522 778 1558 7
804 1531 989 1556 annorum
1018 1519 1058 1555 in
1086 1519 1166 1555 iure
1196 1518 1298 1555 civili
1324 1521 1529 1566 postquam
1561 1519 1698 1554 rexerit
1724 1518 1764 1553 in
1797 1516 1943 1554 artibus

482 1591 570 1616 cum
595 1579 744 1615 duabus
769 1577 1075 1625 responsionibus
1106 1577 1269 1614 sufficiat
1301 1578 1334 1614 ei
1367 1577 1415 1614 ad
1449 1577 1707 1625 incipiendum
1739 1577 1780 1613 in
1812 1576 1942 1613 eodem
1975 1574 1978 1575 ⁷

482 1649 564 1674 iure

387 1696 616 1734 Conceditur
640 1695 784 1745 [blank]
811 1695 991 1742 magistro
1017 1694 1182 1731 Henrico
1208 1694 1359 1731 Moston
1385 1697 1427 1731 vt
1452 1694 1621 1731 studium
1648 1697 1668 1733 7
1693 1706 1879 1731 annorum
1903 1694 1943 1730 in

483 1755 563 1791 iure
596 1754 698 1791 civili
734 1757 938 1802 postquam
972 1754 1111 1790 rexerit
1146 1753 1185 1789 in
1219 1753 1366 1790 artibus
1397 1765 1473 1789 vna
1504 1765 1590 1790 cum
1623 1753 1799 1790 omnibus
1831 1765 1943 1800 oppo-

482 1813 685 1850 sitionibus
725 1811 1033 1860 responsionibus
1068 1812 1299 1860 reliquisque
1335 1812 1522 1849 exercitiis
1558 1824 1626 1859 per
1660 1814 1807 1848 statuta
1843 1812 1944 1859 regia

482 1872 676 1920 requisitis
700 1872 863 1909 sufficiat
886 1872 920 1908 ei
945 1871 994 1908 ad
1020 1871 1275 1919 incipiendum
1300 1871 1340 1908 in
1364 1870 1495 1908 eodem
1519 1871 1600 1908 iure

847 2149 1159 2192 Bacchalaurei
1192 2150 1238 2192 in
1270 2150 1488 2207 theologia

388 2274 617 2311 Conceditur
642 2277 689 2311 26
714 2274 890 2312 Octobris
916 2275 1097 2322 magistro
1125 2276 1292 2312 Samueli
1324 2276 1478 2313 Proctor
1504 2275 1678 2323 (Christi)
1704 2280 1745 2313 vt
1771 2276 1941 2314 studium

486 2336 506 2370 7
535 2345 720 2369 annorum
755 2334 793 2369 in
828 2333 1016 2380 theologia
1050 2337 1252 2382 postquam
1286 2335 1424 2371 rexerit
1457 2335 1496 2371 in
1529 2334 1676 2371 artibus
1709 2346 1795 2372 cum
1828 2346 1941 2383 oppo-

483 2392 686 2429 sitionibus
712 2393 1020 2440 responsionibus
1046 2393 1283 2431 sermonibus
1309 2394 1469 2442 aliisque
1493 2394 1681 2431 exercitiis
1706 2406 1773 2442 per
1795 2397 1943 2431 statuta.

483 2451 584 2497 regis
611 2451 805 2498 requisitis
833 2452 994 2488 sufficiat
1023 2453 1056 2488 ei
1087 2457 1167 2489 tam
1201 2452 1248 2490 ad
1281 2453 1545 2501 opponendum
1575 2464 1689 2500 quam
1719 2453 1766 2490 ad
1800 2454 1942 2490 intran—

482 2510 574 2547 dum
599 2510 638 2546 in
663 2522 771 2546 sacra.
795 2510 984 2557 theologia
1043 2511 1185 2548 Eadem
1210 2512 1334 2558 gratia
1358 2511 1727 2549 conceditur-eodem
1752 2513 1942 2560 magistris

487 2568 644 2605 aicardo
667 2568 842 2605 Warfield
867 2569 959 2605 Jesu
985 2569 1042 2606 Jo.
1070 2570 1141 2606 Dix
1169 2570 1277 2618 Corp.
1303 2571 1445 2608 Christi
1472 2572 1563 2608 Tho.
1593 2572 1692 2608 Reve
1717 2572 1760 2609 G.
1786 2572 1816 2609 81
1839 2572 1879 2609 C.
1903 2575 1943 2609 et

484 2627 527 2675 ijo
561 2627 786 2664 Novembris
824 2628 1016 2676 magistris
1053 2629 1145 2666 Tho.
1183 2630 1387 2678 Lawghton
1422 2631 1564 2668 Christi
1609 2631 1766 2668 Ricardo
1799 2631 1943 2679 Sparke

486 2686 624 2733 Regino
664 2686 720 2723 Jo.
757 2686 894 2734 Smyth
932 2688 1025 2724 Jesu
1085 2688 1136 2725 Et
1180 2691 1224 2726 19
1256 2689 1361 2726 Junii
1405 2689 1593 2737 magistris
1636 2690 1764 2727 Franc.
1799 2690 1942 2738 Savago

485 2744 669 2781 willelmo
704 2745 845 2782 Barkcr
878 2746 1041 2783 Sainueli
1084 2747 1212 2784 Heron
1250 2748 1452 2785 Laurentio
1488 2748 1564 2797 Ley
1599 2748 1759 2786 Ricardo
1792 2749 1942 2797 Wright

481 2803 574 2841 Tho.
606 2803 788 2840 Whitnell
822 2804 914 2841 Tho.
950 2805 1140 2842 Atherton
1177 2806 1327 2854 Hugoni
1363 2807 1463 2855 Gray
1498 2807 1699 2845 Trinitatis
1731 2808 1788 2845 Jo.
1825 2809 1941 2845 Bean-

481 2862 702 2957 sswffift
729 2862 860 2901 Miloni
889 2864 1013 2902 Messe
1035 2868 1075 2902 et
1102 2866 1244 2913 Rogero
1270 2866 1352 2905 Dod
1380 2866 1505 2905 Pemb.
1530 2870 1569 2906 et
1591 2866 1776 2905 Cutberto
1799 2867 1944 2916 Norrys

516 2932 586 2957 run
651 2932 683 2957 is
