2008 3216
305 169 360 215 92
903 182 1054 217 emes
1086 183 1207 217 BOOK
1240 184 1269 216 Δ
1634 173 1856 231 [1553-54

303 289 445 326 Eadem
460 290 583 336 gratia
597 290 645 327 de
661 290 774 327 verbo
791 290 830 326 in
848 290 1004 327 verbum
1027 291 1245 328 conceditur
1263 290 1426 328 Roberto
1449 291 1607 327 Grafton
1629 293 1669 326 et
1685 290 1709 326 J
1712 290 1852 326 ohanni

398 347 533 395 Kynge

303 405 402 442 Item
434 407 652 444 conceditur
684 407 863 444 Gervasic
896 407 1155 444 Wentworthe
1189 407 1387 444 duodecim
1423 406 1607 456 [termini]
1641 407 1682 442 in
1713 405 1854 453 quibus

395 465 574 502 lectiones
605 467 813 503 ordinarias
849 466 998 503 audiuit
1031 467 1119 503 licet
1157 479 1232 504 non
1267 467 1420 503 omnino
1452 466 1659 503 secundum
1691 466 1850 502 formam

395 525 532 560 statuti
557 537 642 562 cum
668 525 968 573 oppositionibus
993 530 1032 562 et
1056 526 1362 574 responsionibus
1385 525 1578 573 requisitis
1602 525 1792 562 sufficiant
1817 524 1851 560 ei

396 583 443 619 ad
470 583 772 630 respondendum
798 585 986 631 questioni

302 641 442 677 Eadem
460 642 581 688 gratia
596 642 643 678 de
659 643 772 679 verbo
790 644 829 679 in
847 643 1003 679 verbum
1021 643 1238 679 conceditur
1253 643 1276 679 J
1280 643 1418 679 ohanni
1442 643 1635 679 Rcbesonc
1652 641 1854 678 Edmundo

397 701 555 748 Ryseley
572 701 712 738 Sabino
729 702 888 749 Smythe
905 702 928 737 J
931 702 1042 738 oanni
1059 702 1284 749 Whytgyfte
1306 702 1506 738 Edouardo
1527 701 1854 749 Knarysbrowghe

395 764 433 796 et
450 761 618 796 Antonio
635 761 746 808 Edyll

301 818 400 854 Item
428 820 645 855 conceditur
669 820 900 856 Christofero
925 820 1088 867 Jesoppe
1116 816 1159 856 vt
1191 823 1234 856 12
1263 821 1415 856 termini
1442 821 1481 856 in
1508 820 1648 867 quibus
1675 820 1854 856 lectiones

394 878 601 915 ordinarias
625 879 775 915 audiuit
798 879 887 915 licet
910 891 985 915 non
1011 879 1164 915 omnino
1190 879 1396 915 secundum
1418 879 1578 915 formam
1604 879 1741 915 statuti
1765 890 1852 914 cum

394 937 692 984 oppositionibus
708 942 747 974 et
768 938 1073 986 responsionibus
1097 939 1289 985 requisitis
1311 938 1501 974 sufficiant
1521 938 1556 974 ei
1573 949 1641 985 pro
1658 937 1854 985 completis

392 996 510 1042 gradu
526 1002 565 1033 et
581 997 701 1033 forma
717 997 1050 1034 bacchalaureatus
1067 998 1107 1033 in
1124 997 1271 1034 artibus
1293 998 1347 1033 sic
1363 1001 1406 1033 vt
1428 998 1510 1034 eius
1531 997 1694 1034 eruditio
1715 997 1852 1034 exami-

393 1058 505 1091 netur
520 1058 560 1092 et
576 1056 806 1103 approbetur
821 1068 887 1104 per
903 1056 1076 1092 dominos
1091 1059 1351 1103 procuratores
1364 1060 1403 1093 et
1416 1058 1615 1104 magistros
1632 1057 1853 1094 Threlkelde

392 1117 432 1149 et
462 1114 574 1150 Ithell
598 1119 714 1161 atque
741 1114 970 1151 admittatur
994 1114 1042 1150 ad
1067 1115 1250 1162 placitum
1275 1115 1357 1151 siue
1381 1116 1419 1151 in
1447 1116 1610 1152 termino
1635 1116 1716 1152 siue
1745 1119 1852 1152 extra

391 1172 596 1208 terminum
619 1185 686 1220 per
707 1173 895 1221 predictos
916 1177 1177 1221 procuratores
1198 1178 1237 1210 et
1259 1175 1459 1221 magistros
1509 1175 1572 1211 Ita
1595 1178 1723 1211 tamen
1750 1174 1850 1221 quod

392 1235 469 1267 stet
485 1232 525 1268 in
542 1233 713 1279 proxima
728 1232 1016 1280 quadragesima
1032 1233 1071 1268 in
1089 1233 1226 1269 scholis
1243 1233 1404 1281 publicis

299 1290 398 1327 Item
410 1290 627 1327 conceditur
639 1291 807 1327 Antonio
820 1291 975 1339 Connye
987 1294 1030 1327 vt
1048 1294 1092 1327 12
1105 1291 1258 1328 termini
1271 1292 1447 1339 completi
1465 1292 1504 1328 in
1517 1291 1657 1339 quibus
1672 1291 1851 1328 lectiones

391 1349 599 1386 ordinarias
620 1350 770 1386 audiuit
788 1353 828 1387 et
848 1350 1061 1397 disputauit
1082 1350 1171 1386 licet
1195 1362 1270 1386 non
1293 1351 1447 1387 omnino
1463 1350 1670 1388 secundum
1687 1351 1847 1387 formam

392 1409 528 1445 statuti
546 1409 735 1446 sufficiant
751 1409 785 1446 ei
802 1408 851 1445 ad
868 1409 1169 1457 respondendum
1186 1410 1376 1456 questioni

298 1467 439 1503 Eadem
464 1468 586 1514 gratia
609 1468 655 1504 de
680 1467 793 1504 verbo
818 1468 856 1504 in
882 1467 1038 1504 verbum
1067 1468 1284 1505 conceditur
1309 1468 1469 1505 Charolo
1499 1469 1682 1516 Wryghto
1710 1469 1852 1516 chero

395 1526 503 1574 Haye
519 1531 558 1562 et
575 1527 719 1563 'rhome
736 1527 845 1563 Swan

133 1584 160 1622 f.
184 1584 234 1623 37
257 1597 280 1622 a
300 1585 398 1621 Item
431 1585 648 1622 conceditur
681 1586 924 1622 Marmaduco
959 1587 1177 1634 Pickeringo
1205 1591 1248 1623 vt
1277 1590 1317 1623 ll
1347 1587 1500 1623 termini
1528 1599 1614 1623 cum
1640 1598 1684 1624 eo
1710 1587 1749 1623 in
1774 1598 1851 1634 quo

392 1645 712 1681 determinaturus
743 1649 803 1681 est
834 1646 872 1682 in
906 1645 1045 1692 quibus
1073 1647 1252 1683 lectiones
1285 1646 1494 1683 ordinarias
1525 1646 1674 1683 audiuit
1705 1648 1744 1683 et
1775 1646 1849 1682 dis·

393 1705 545 1752 putavit
565 1705 654 1741 licet
678 1717 752 1741 non
778 1706 932 1742 omnino
957 1705 1163 1743 secundum
1188 1706 1347 1742 formam
1373 1706 1508 1742 statuti
1534 1705 1722 1742 sufficiant
1746 1705 1780 1742 ei
1803 1704 1850 1741 ad

394 1764 693 1811 respondendum
718 1765 907 1811 questioni

302 1824 398 1860 Item
430 1823 647 1860 conceditur
680 1823 843 1860 Gabrieli
880 1824 1008 1860 Brisco
1038 1826 1080 1861 vt
1111 1823 1308 1861 duodecim
1344 1824 1496 1860 termini
1532 1823 1571 1859 in
1605 1823 1745 1870 quibus
1777 1823 1847 1860 lec-

393 1883 515 1919 tiones
536 1882 743 1919 ordinarius
764 1883 914 1919 audiuit
938 1894 1004 1930 pcr
1026 1883 1205 1920 maiorem
1232 1886 1379 1930 partem
1403 1881 1606 1919 cuiuslibet
1630 1882 1783 1918 termini
1808 1882 1847 1918 in

392 1946 474 1978 toto
507 1942 594 1979 licet
623 1954 697 1979 non
725 1943 880 1979 omnino
906 1942 1113 1979 secundum
1142 1943 1303 1979 formam
1328 1942 1466 1978 statuti
1492 1953 1578 1978 cum
1605 1941 1849 1989 oppositioni-

393 2000 464 2037 bus
503 2004 543 2037 et
583 2000 887 2049 responsionibus
927 2001 1119 2048 requisitis
1155 2002 1344 2038 sufficiant
1383 2001 1417 2037 ei
1458 2000 1507 2037 ad
1546 2000 1847 2048 respondendum

389 2060 578 2107 questioni
1834 2100 1836 2102 ,

299 2118 438 2155 Eadem
455 2119 577 2166 gratia
592 2118 639 2155 de
656 2118 768 2155 verbo
791 2120 828 2155 in
852 2118 1006 2156 verbum
1030 2119 1248 2156 conceditur
1270 2119 1435 2156 Henrico
1460 2119 1594 2155 Tatem
1617 2119 1848 2156 Ohristofero

394 2179 620 2215 Mulcastero
661 2178 819 2226 Gom-gio
863 2179 993 2215 Bereio
1039 2179 1203 2216 Henrico
1245 2178 1402 2215 Warreu
1445 2178 1627 2216 Nicholao
1668 2178 1846 2215 Richard-

392 2249 484 2274 sono
508 2236 646 2273 Joanni
678 2236 812 2273 Rames
841 2237 999 2283 Georgio
1032 2236 1180 2273 Fullero
1204 2236 1342 2273 Joanni
1369 2236 1572 2273 Marshallo
1596 2240 1635 2273 et
1662 2236 1847 2274 Richardo

394 2297 428 2334 N
433 2296 621 2333 icholsouo

301 2355 396 2392 Item
413 2354 630 2391 conceditur
654 2354 764 2391 Petro
789 2355 944 2390 Car-tero
968 2359 1010 2391 vt
1033 2354 1204 2391 vndecim
1228 2354 1379 2391 termini
1403 2365 1489 2390 cum
1505 2364 1550 2390 eo
1572 2353 1609 2389 in
1630 2364 1706 2401 quo
1725 2353 1844 2390 deter-

392 2414 605 2451 minaturus
632 2417 691 2450 cst
717 2413 755 2449 in
781 2412 921 2461 quibus
949 2413 1158 2450 ordinarias
1184 2413 1361 2450 lectiones
1385 2412 1535 2449 audiuit
1558 2412 1845 2460 disputauitque

392 2474 479 2511 licet
503 2485 577 2510 non
603 2473 756 2509 omnino
779 2472 984 2510 secundum
1010 2473 1168 2510 formam
1191 2472 1327 2509 statuti
1353 2471 1542 2509 sufficiant
1566 2471 1599 2508 ei
1621 2471 1670 2507 ad
1695 2483 1844 2519 respon-

390 2533 555 2571 dendum
580 2533 767 2580 questioni

300 2594 395 2630 Item
413 2592 630 2630 conceditur
647 2591 846 2629 Edmuudo
871 2592 998 2629 Hueto
1020 2596 1062 2628 vt
1088 2595 1130 2628 12
1153 2591 1304 2629 termini
1326 2592 1364 2628 in
1387 2590 1525 2639 quibus
1547 2590 1725 2628 lectiones
1747 2591 1844 2628 ordi-

391 2653 515 2691 narias
542 2652 690 2689 audiuit
723 2663 788 2699 per
813 2652 989 2689 maiorem
1016 2655 1160 2700 partem
1185 2650 1385 2688 cuiuslibet
1410 2650 1561 2687 termini
1587 2650 1625 2686 in
1651 2653 1732 2686 toto
1757 2650 1845 2687 licet

392 2724 464 2749 non
482 2712 635 2749 omnino
650 2710 856 2748 secundum
875 2711 1032 2748 sormam
1053 2710 1189 2747 statuti
1207 2722 1292 2747 cum
1316 2708 1617 2757 opposicionibus
1639 2712 1678 2745 et
1695 2720 1842 2757 respon-

389 2770 558 2808 sionibus
575 2770 766 2817 requisitis
782 2770 972 2807 sufficiant
987 2770 1021 2806 ei
1038 2768 1086 2806 ad
1104 2768 1405 2817 respondendum
1422 2767 1610 2816 questioni

296 2830 435 2867 Eadem
460 2830 581 2877 gratia
606 2829 652 2866 de
679 2828 790 2866 verbo
818 2829 855 2866 in
884 2828 1038 2866 verbum
1065 2828 1284 2866 conceditur
1309 2827 1501 2865 Leonardc
1531 2826 1675 2864 Bakero
1701 2827 1844 2865 'rhome

390 2889 479 2937 Hyn
