2008 3216
377 192 463 234 214
958 203 1110 237 GRAOE
1139 205 1264 238 ΒοοΚ
1295 206 1325 237 Δ
1698 193 1922 252 [1567-68

862 430 1114 473 Practicans
1143 431 1189 473 in
1222 431 1442 474 medicina

374 554 602 591 Conceditur
626 555 728 591 xxvfl‘
752 555 776 591 J
778 555 859 590 unii
884 555 908 591 J
911 568 941 591 0.
967 556 1056 591 Bale
1081 559 1124 591 vt
1148 556 1321 592 studium
1345 560 1385 593 et
1410 557 1576 604 practica
1603 560 1648 594 10
1672 569 1858 593 annorum
1883 558 1923 593 in

468 613 656 649 medicina
679 613 842 665 sufficiat
866 614 900 649 ei
925 614 973 649 ad
997 614 1283 660 practicandum
1304 615 1343 650 in
1363 615 1494 651 eadem
1516 616 1570 651 sic
1593 620 1636 652 vt
1657 617 1738 652 eius
1761 616 1924 652 eruditio

468 673 508 707 et
523 671 689 718 cognitio
705 672 942 708 examinetur
957 677 996 708 et
1013 673 1244 719 approbetur
1259 685 1326 720 per
1341 673 1514 710 doctores
1532 674 1682 721 Lorkyn
1699 677 1768 710 aut
1785 674 1923 711 Warde

468 731 507 765 et
535 741 604 776 per
634 741 754 766 vnum
786 741 916 766 eorum
948 734 1189 777 presentetur
1216 731 1507 778 procanoellario
1533 734 1573 768 et
1601 743 1715 779 super
1739 732 1811 768 hac
1837 744 1923 769 con-

467 788 634 824 cessione
658 791 786 824 vestra.
809 788 940 824 literas
964 789 1103 825 habeat
1127 789 1344 836 obsignatas
1369 790 1491 837 sigillo
1515 793 1642 826 vestro
1666 791 1859 827 communi

562 847 808 883 Presentatus
825 849 848 883 9
864 847 887 883 J
890 847 958 883 ulii
975 858 1043 894 per
1059 847 1250 884 doctorem
1270 847 1409 884 Warde
1430 851 1470 884 et
1489 848 1678 885 admissus
1700 849 1831 886 eodem
1851 849 1924 886 sub

655 905 871 941 conditione

895 1122 1059 1165 Doctor
1088 1122 1136 1165 in
1168 1122 1386 1166 medicina

370 1245 600 1282 Conceditur
615 1246 750 1293 xxiiijto
768 1246 943 1283 Octobris
967 1247 1147 1294 magistro
1163 1247 1227 1283 W⁰
1251 1247 1472 1284 Barnisdale
1495 1251 1538 1283 vt
1560 1247 1731 1284 studium
1754 1247 1922 1294 quinque

464 1316 650 1341 annorum
666 1305 707 1341 in
723 1305 910 1341 medicina
926 1309 1129 1353 postquam
1146 1306 1283 1342 rexerit
1299 1306 1339 1342 in
1356 1306 1502 1342 artibus
1520 1318 1607 1342 cum
1620 1306 1920 1353 oppositionibus

463 1364 770 1412 responsionibus
785 1368 824 1401 et
841 1366 926 1401 aliis
948 1366 1135 1402 exercitiis
1156 1377 1223 1412 per
1245 1369 1392 1402 statuta
1415 1366 1609 1414 requisitis
1632 1366 1795 1402 sufficiat
1814 1366 1848 1402 ei
1871 1365 1920 1402 ad

465 1421 723 1468 incipiendum
740 1422 780 1457 in
798 1421 930 1458 eadem
946 1422 1129 1458 facultate

565 1480 810 1517 Presentatus
826 1493 894 1528 per
910 1481 1103 1518 doctorem
1122 1482 1258 1518 Warde
1275 1481 1344 1529 vij⁰
1361 1481 1588 1518 Novembris

814 1706 1100 1749 Bachalaurei
1133 1707 1177 1748 in
1211 1706 1320 1750 Jure
1351 1707 1470 1750 civili

365 1830 595 1867 Conceditur
625 1831 680 1866 ix⁰
711 1831 855 1878 Aprilis
884 1832 942 1868 J0.
971 1832 1101 1868 Bettes
1126 1831 1226 1867 socio
1251 1831 1349 1868 Aule
1374 1831 1575 1868 Trinitatis
1599 1834 1641 1867 vt
1666 1830 1837 1868 studium
1863 1831 1914 1879 vij

459 1901 644 1926 annorum
667 1890 707 1925 in
731 1890 811 1926 iure
827 1890 929 1926 civili
950 1902 1036 1926 cum
1061 1889 1362 1937 oppositionibus
1384 1892 1444 1925 etc
1468 1890 1632 1926 sufficiat
1652 1889 1686 1925 ei
1709 1889 1915 1926 adintran-

458 1948 550 1985 dum
568 1949 608 1985 in
624 1948 754 1985 eodem
768 1948 854 1996 jure
870 1952 910 1985 et
927 1953 1053 1985 vestra
1069 1949 1297 1985 auctoritate
1314 1948 1540 1996 respondeat
1560 1949 1600 1985 in
1621 1948 1756 1985 habitu
1778 1948 1915 1985 bacha-

459 2007 575 2044 laurei

364 2066 506 2103 Eadem
523 2067 645 2114 gratia
661 2066 879 2103 conceditur
895 2069 934 2102 4⁰
950 2066 974 2103 J
978 2067 1056 2103 unii
1076 2066 1260 2103 Nicholao
1277 2067 1446 2103 Steward

201 2120 226 2159 s·
250 2120 301 2159 94
321 2134 346 2159 a
363 2125 592 2163 Conceditur
619 2129 662 2162 21
697 2126 787 2162 Maii
818 2130 861 2162 vt
889 2126 1083 2173 responsio
1113 2125 1161 2162 ad
1190 2137 1305 2172 quam
1335 2129 1489 2162 tenetur
1516 2126 1540 2162 J
1543 2138 1574 2163 o.
1606 2126 1738 2163 Bettes
1767 2125 1913 2162 ratione

459 2183 598 2231 gradus
614 2183 843 2231 suscipiendi
861 2184 988 2231 peragi
1006 2184 1126 2231 possit
1143 2184 1183 2219 in
1199 2183 1260 2220 die
1277 2184 1518 2221 comitiorum

849 2418 1060 2463 Doctores
1091 2418 1134 2461 in
1166 2417 1278 2463 Jure
1309 2418 1427 2462 civili

361 2546 591 2583 Conceditur
607 2548 646 2583 2⁰
662 2545 685 2582 J
689 2544 756 2582 ulii
774 2556 874 2581 anno
894 2546 1003 2582 1667ο
1020 2544 1200 2592 magistro
1217 2543 1281 2581 W⁰
1299 2544 1442 2581 Master
1457 2543 1601 2591 collegii
1621 2543 1725 2591 Regii
1748 2544 1849 2580 socio
1866 2546 1908 2580 vt

455 2605 626 2643 studium
644 2603 727 2651 viij⁰
743 2615 928 2640 annorum
947 2603 983 2639 in
1003 2603 1025 2638 J
1030 2615 1096 2640 ure
1112 2603 1212 2639 civili
1232 2606 1433 2650 postquam
1451 2602 1590 2639 rexerit
1603 2602 1642 2639 in
1655 2602 1802 2639 artibus
1819 2613 1905 2638 cum

455 2662 757 2713 oppositionibus
779 2662 1084 2711 resmusionibus
1101 2666 1140 2699 ot
1156 2661 1241 2699 aliis
1258 2661 1444 2698 exercitiis
1462 2673 1527 2709 per
1543 2663 1690 2697 statuta
1714 2660 1906 2708 requisitis

454 2722 689 2772 perficiendis
705 2725 794 2759 ante
811 2722 891 2759 eius
908 2721 1174 2758 admissionem
1191 2721 1355 2757 sufficiat
1371 2721 1404 2756 ei
1422 2719 1470 2756 ad
1489 2718 1742 2767 incipiendum
1761 2719 1800 2756 in
1813 2719 1835 2755 J
1840 2730 1905 2755 ure

453 2782 552 2820 civili
571 2782 625 2818 nic
643 2785 685 2819 vt
701 2782 782 2818 eina
799 2781 978 2818 admissio
990 2784 1067 2817 stet
1081 2792 1147 2828 pro
1160 2780 1358 2827 completis
1370 2779 1489 2827 gradu
1502 2783 1541 2815 et
1556 2780 1674 2816 forma.
1686 2778 1904 2816 doctoratus

453 2841 491 2877 in
509 2840 639 2877 emiem
657 2839 838 2876 facultate
854 2842 893 2875 ot
909 2839 1130 2875 convivetur
1147 2838 1184 2875 in
1205 2838 1383 2886 proximis
1401 2838 1565 2875 comitiis

550 2899 790 2935 Prenenmtun
808 2909 873 2945 por
888 2896 1078 2934 doctorem
1100 2896 1210 2933 Ithell
1227 2899 1267 2933 et
1282 2896 1470 2933 admissus
1488 2898 1526 2934 7⁰
1543 2895 1768 2933 Novembris
