2002 3236
294 179 352 222 30
877 189 1030 222 omos
1059 189 1182 221 Boox
1215 190 1245 221 Δ
1623 175 1846 234 [1545-46

907 579 1239 634 [1545—1546]

136 732 162 771 f.
188 732 237 770 13
255 732 280 770 b
298 727 453 770 Gracie
493 727 583 770 sive
625 727 861 784 petitiones
906 742 1105 770 concesse
1146 727 1191 770 in
1233 727 1362 784 plena
1402 727 1737 784 congregatione
1783 741 1847 768 re-

412 795 614 853 gentium
657 802 702 839 et
751 811 840 839 non
885 796 1168 853 [regentium]
1210 811 1236 838 a
1276 796 1386 839 festo
1436 796 1576 838 sancti
1625 795 1850 838 Michaelis

414 865 677 923 Archangeli
724 881 838 909 anno
881 867 994 909 1545
1037 880 1173 922 vsque
1213 866 1267 908 ad
1314 865 1432 908 idem
1481 866 1640 909 festum
1690 871 1850 908 extunc

412 936 608 993 proxime
650 950 836 993 sequens
888 935 1064 978 doctore
1118 935 1282 978 Parker
1324 942 1369 978 et
1407 935 1616 992 magistro
1657 934 1850 977 Madewe

414 1006 777 1049 vicecancellariis
837 1012 883 1049 et
915 1005 1136 1062 magistris
1167 1005 1399 1049 Edmundo
1430 1005 1573 1063 Cosyn
1599 1012 1644 1049 et
1674 1005 1850 1049 Simone

405 1077 577 1133 Bagott
606 1076 958 1134 procuratoribus

298 1196 439 1233 Omnes
459 1197 579 1244 gratie
601 1197 765 1233 admisse
781 1201 821 1234 et
836 1209 1008 1234 concesse
1025 1209 1092 1244 per
1107 1197 1304 1233 dominum
1320 1196 1663 1234 vicecancellarium
1681 1196 1852 1233 doctores

392 1255 493 1302 Glyn
519 1258 559 1291 et
588 1254 740 1302 Busbye
763 1257 804 1291 et
832 1255 1032 1302 magistros
1058 1255 1303 1302 Boteswayne
1327 1258 1367 1291 et
1394 1254 1568 1302 Helpbye
1591 1255 1739 1302 possint
1766 1267 1851 1291 con-

391 1325 538 1349 currere
574 1313 614 1349 in
649 1316 815 1360 quatuor
844 1312 1196 1360 congregationibus
1224 1313 1335 1349 istius
1367 1313 1457 1349 anni
1490 1313 1546 1349 ita
1577 1312 1678 1360 quod
1713 1313 1851 1360 singuli

392 1372 527 1408 horum
552 1372 720 1420 quinque
745 1372 975 1409 vnanimiter
998 1372 1239 1408 consentiant

959 1643 1194 1700 Chirurgia

301 1774 399 1811 Item
422 1773 640 1810 conceditur
663 1772 829 1809 Oliuerio
852 1773 1002 1809 Marten
1022 1775 1066 1809 vt
1087 1773 1254 1820 practica
1275 1772 1482 1809 multorum
1505 1783 1690 1808 annorum
1714 1772 1753 1808 in
1776 1771 1852 1807 chi-

394 1833 519 1880 rurgia
542 1836 626 1868 tum
649 1831 710 1868 hic
732 1831 823 1868 olim
845 1831 946 1879 apud
963 1843 1030 1868 vos
1050 1835 1134 1868 tum
1153 1831 1270 1867 etiam
1291 1830 1382 1867 alibi
1406 1831 1570 1867 sufficiat
1589 1830 1623 1867 ei
1645 1829 1693 1866 ad
1716 1830 1852 1877 practi-

394 1891 556 1928 candum
596 1893 723 1928 vestra
763 1891 995 1927 authoritate
1035 1891 1074 1927 in
1114 1891 1244 1928 eadem
1287 1891 1342 1927 sic
1381 1895 1424 1927 vt
1457 1897 1546 1927 ante
1586 1889 1853 1927 admissionem

392 1951 628 1988 examinetur
648 1954 688 1987 et
709 1949 939 1998 approbetur
960 1962 1027 1997 per
1047 1949 1219 1986 doctores
1235 1948 1404 1997 Wendye
1423 1952 1463 1985 et
1485 1948 1622 1996 Blythe
1642 1948 1854 1996 habeatque

394 2010 523 2046 literas
551 2021 618 2046 sue
647 2010 888 2057 professionis
916 2009 1100 2056 sigillatas
1131 2013 1256 2045 vestro
1288 2009 1409 2056 sigillo
1440 2008 1630 2045 communi
1664 2008 1718 2044 sic
1750 2008 1851 2055 quod

395 2068 519 2105 soluat
536 2068 775 2105 vniuersitati
794 2079 907 2104 vnam
924 2079 1090 2104 marcam
1108 2067 1253 2114 argenti

783 2337 1091 2382 Bacchalaurei
1124 2337 1168 2380 in
1200 2337 1368 2381 artibus

304 2465 348 2501 ln
373 2465 505 2513 primis
527 2463 745 2501 conceditur
767 2463 955 2500 Gulielmo
979 2463 1118 2512 Sybley
1138 2465 1182 2500 vt
1207 2465 1251 2499 12
1276 2462 1427 2499 termini
1453 2462 1491 2499 in
1514 2462 1652 2510 quibus
1674 2462 1852 2500 lectiones

396 2523 604 2560 ordinarias
626 2522 776 2559 audiuit
802 2534 869 2570 per
897 2523 1077 2559 maiorem
1101 2525 1248 2569 partem
1271 2521 1310 2557 in
1334 2523 1415 2558 toto
1442 2532 1528 2557 cum
1553 2521 1852 2569 oppositionibus

395 2587 435 2620 et
457 2581 762 2630 responsionibus
785 2582 979 2630 requisitis
1003 2581 1193 2619 sufficiant
1209 2581 1242 2618 ei
1268 2580 1316 2617 ad
1339 2579 1639 2628 respondendum
1661 2581 1849 2628 questioni

395 2647 435 2679 et
451 2642 542 2690 quia
560 2653 736 2689 magnum
761 2641 847 2679 inde
864 2641 1102 2679 commodum
1120 2643 1246 2689 sperat
1268 2640 1365 2688 petit
1382 2642 1424 2676 vt
1443 2639 1525 2676 eius
1547 2638 1725 2677 admissio
1748 2640 1800 2677 sit
1816 2642 1849 2677 ei

400 2712 466 2748 pro
486 2699 672 2747 completo
687 2698 805 2747 gradu
829 2699 883 2736 sic
906 2698 1006 2747 quod
1030 2699 1112 2736 eius
1135 2697 1296 2736 eruditio
1319 2696 1547 2746 approbetur
1569 2708 1636 2745 per
1652 2699 1851 2746 magistros

400 2760 560 2797 Haddon
584 2763 624 2796 et
640 2759 754 2796 Cari-c
773 2762 812 2795 et
834 2757 935 2807 quod
958 2760 1036 2795 stet
1057 2769 1143 2795 cum
1166 2757 1428 2806 questionistis
1445 2756 1483 2793 in
1506 2756 1675 2804 proxima
1691 2757 1849 2805 quadra-

397 2830 538 2867 gesimo,

306 2878 403 2915 Item
426 2876 643 2914 conceditur
658 2874 799 2913 Jacobo
816 2874 1017 2912 Gressham
1036 2878 1078 2911 vt
1103 2876 1146 2911 12
1170 2873 1321 2911 termini
1345 2873 1383 2911 in
1401 2872 1540 2922 quibus
1559 2872 1738 2911 lectiones
1754 2874 1852 2912 ordi·
