1976 3276
1055 63 1079 74 a

334 159 418 201 228
915 167 1067 199 emon
1097 166 1222 198 Boon
1253 165 1281 197 Δ
1660 154 1880 210 [1568-69

902 523 1020 566 Ordo
1051 523 1319 566 senioritatis

1008 664 1148 699 Doctor
1171 663 1328 710 Younge

1008 723 1149 758 Doctor
1173 723 1370 759 Coortesse

753 782 933 828 Magister
1007 782 1148 817 Doctor
1171 781 1385 817 Chaderton
1435 785 1456 817 5

1007 841 1148 876 Doctor
1173 840 1327 877 Walker

1007 900 1148 936 Doctor
1171 900 1356 936 Gardiner

956 1267 1265 1323 Incorporatus

331 1409 560 1445 Conceditur
585 1411 605 1447 7
632 1409 762 1444 Martii
789 1409 969 1455 magistro
994 1408 1198 1444 Laurentio
1222 1409 1380 1456 merey
1405 1421 1508 1445 sacre
1532 1409 1716 1456 theologie
1738 1410 1777 1445 in
1800 1421 1882 1446 aca-

424 1469 550 1505 demia
582 1468 785 1504 Oxoniensi
818 1467 1019 1515 professori
1050 1471 1091 1503 vt
1119 1467 1172 1503 sit
1199 1467 1261 1503 hic
1289 1467 1390 1515 apud
1424 1480 1491 1504 vos
1519 1468 1560 1504 in
1588 1468 1731 1504 eisdem
1765 1468 1882 1515 gradu

426 1527 555 1564 ordine
572 1530 611 1564 et
627 1539 727 1563 anno
743 1526 883 1574 quibus
900 1527 975 1563 fuit
991 1527 1031 1562 in
1047 1526 1151 1562 dicta
1172 1526 1365 1562 academia
1382 1526 1585 1563 Oxoniensi
1635 1527 1883 1564 Presentatus

426 1597 493 1633 per
508 1585 700 1622 doctorem
719 1584 965 1632 Longeworth
982 1588 1022 1621 et
1038 1584 1227 1621 admissus
1242 1584 1373 1621 eodem

171 1895 198 1933 f.
224 1896 313 1934 98b
579 1892 730 1935 Gratis
764 1892 880 1935 varie
914 1893 1080 1935 nullam
1113 1898 1420 1936 concernentes
1453 1893 1633 1936 formam

330 2041 559 2077 Conceditur
578 2044 621 2077 15
640 2040 815 2078 Octobris
830 2040 983 2077 doctore
1003 2040 1247 2087 Longeworth
1265 2041 1554 2088 procancellario
1578 2040 1741 2077 Roberto
1764 2041 1882 2077 John-

423 2112 492 2137 son
510 2100 549 2136 in
567 2099 715 2136 artibus
739 2100 919 2147 magistro
942 2103 985 2135 vt
1007 2099 1061 2135 sit
1083 2110 1181 2135 vuus
1203 2110 1247 2135 ex
1270 2098 1468 2136 duodecim
1491 2099 1789 2147 predicatoribus
1811 2100 1881 2137 hoc

423 2170 523 2195 anno
556 2170 624 2206 per
655 2158 887 2195 academiam
922 2156 1143 2194 emittendis
1175 2160 1215 2194 et
1246 2170 1360 2205 super
1393 2158 1462 2195 hac
1490 2159 1728 2195 concessione
1757 2163 1883 2196 vestra

424 2218 553 2254 literas
578 2217 718 2254 habeat
741 2217 926 2264 sigillatas
950 2217 1072 2263 sigillo
1097 2220 1223 2253 vestro
1247 2217 1439 2253 communi

331 2276 472 2313 Eadem
495 2277 619 2323 gratia
637 2275 856 2313 conceditur
877 2275 1007 2312 eodem
1032 2274 1124 2311 Rob.
1149 2274 1278 2323 Rodys
1300 2279 1340 2311 ot
1361 2275 1527 2313 Johanni
1551 2277 1650 2324 Styll
1672 2277 1712 2314 in
1733 2277 1881 2314 artibus

424 2335 617 2382 magistris
666 2338 713 2371 30
730 2333 905 2371 Octobris
923 2333 986 2369 W⁰
1003 2333 1199 2381 Chapman
1218 2334 1256 2370 in
1275 2333 1421 2371 artibus
1437 2335 1617 2382 magistro

329 2394 470 2431 Eadem
504 2394 626 2442 gratia
653 2393 873 2431 conceditur
904 2396 948 2430 19
979 2392 1206 2430 Novembris
1238 2393 1391 2430 doctore
1422 2394 1559 2442 Young
1591 2396 1880 2442 procancellario

424 2453 588 2491 Roberto
613 2454 750 2490 Gai-ret
779 2453 817 2490 in
847 2451 995 2489 artibus
1028 2452 1208 2499 magistro
1241 2455 1280 2488 ct
1312 2453 1444 2500 Georg.
1479 2453 1664 2491 Gurdinsr
1696 2455 1880 2503 theologie

424 2513 674 2551 bachslaureo
742 2516 786 2549 10
812 2511 1030 2549 Decembris
1056 2511 1216 2548 Ricardo
1243 2512 1427 2549 Howland
1455 2513 1492 2549 in
1519 2513 1666 2551 artibus
1698 2515 1879 2562 magistro

421 2573 472 2609 4¹⁰
499 2572 626 2608 Martii
655 2570 853 2619 Radulpho
873 2570 1049 2607 'l'unstall
1073 2570 1112 2607 in
1133 2570 1280 2607 artibus
1304 2571 1484 2618 magistro
1534 2576 1580 2609 26
1605 2573 1734 2610 Martii
1758 2574 1878 2610 Gwal-

421 2634 502 2667 tero
521 2629 655 2677 Alleyn
674 2633 714 2666 et
730 2629 787 2666 Jo.
811 2629 964 2665 Imwson
984 2628 1021 2665 in
1039 2627 1186 2665 artibus
1204 2628 1395 2676 magistris
1413 2633 1452 2666 et
1469 2633 1491 2666 6
1510 2630 1601 2667 Maii
1619 2630 1676 2667 Jo,
1697 2630 1823 2668 Moore
1840 2635 1879 2668 et

421 2688 585 2726 Roberto
604 2688 767 2725 Holland
786 2689 824 2725 in
842 2686 991 2725 artibus
1009 2688 1200 2735 magistris

323 2747 551 2785 Conceditur
572 2750 615 2783 10
633 2745 851 2783 Decembris
869 2746 1049 2793 magistro
1065 2745 1123 2783 50.
1146 2745 1301 2792 Igulden
1321 2749 1363 2782 vt
1380 2746 1518 2784 habeat
1536 2747 1665 2785 literas
1680 2749 1820 2797 gradus
1836 2752 1876 2788 et

414 2806 710 2843 conversationis
726 2805 947 2853 obsignatas
963 2804 1085 2852 sigillo
1102 2808 1227 2841 vestro
1244 2806 1435 2842 communi

323 2867 462 2904 Eadem
479 2866 602 2914 gratis
618 2865 840 2903 conceditur
857 2868 902 2902 2⁶
922 2864 1050 2902 Martii
1069 2864 1248 2912 magistro
1267 2865 1408 2902 Arturo
1429 2866 1590 2915 Puryfye
