2008 3216
181 170 400 228 1556-57]
761 179 914 212 emes
943 180 1066 212 soon
1098 179 1128 210 Δ
1642 170 1724 211 119

180 283 279 320 Item
307 284 524 320 conceditur
551 284 703 320 domino
730 284 883 321 Walker
908 287 950 320 vt
978 286 1001 320 9
1027 283 1181 320 termini
1210 286 1297 331 post
1323 282 1472 319 finalem
1499 282 1581 319 eius
1605 282 1726 319 deter-
1744 276 1771 316 f·
1794 276 1844 316 47
1861 289 1886 314 a

273 344 519 380 minationem
542 344 582 380 in
605 343 744 390 quibus
765 344 944 380 lectiones
966 343 1175 380 ordinarias
1196 343 1346 379 audiuit
1366 343 1455 379 licet
1476 354 1551 379 non
1574 342 1728 378 omnino

273 403 479 439 secundum
501 403 660 439 formam
683 403 820 439 statuti
842 414 928 439 cum
951 402 1074 439 tribus
1095 401 1401 450 responsionibus
1420 401 1610 438 sufficiant
1628 401 1727 438 eiad

273 461 527 508 incipiendum
543 462 583 497 in
600 460 747 498 artibus

178 519 321 556 Eadem
345 520 466 566 gratia
489 519 537 556 de
559 520 674 556 verbo
697 520 736 556 in
758 519 915 556 verbum
939 519 1157 556 conceditur
1177 519 1342 556 dominis
1358 519 1581 567 Whytgyfle
1604 519 1728 566 Degge

273 579 407 626 Kynge
432 578 636 626 Robynson
662 578 828 626 Bryskoo
851 582 890 614 et
915 579 1154 626 Pyckerynge

179 637 278 674 Item
304 637 520 674 conceditur
548 637 688 673 Betson
714 641 756 672 vt
782 639 805 673 9
829 637 982 673 termini
1008 627 1185 684 completi
1211 640 1297 685 post
1324 637 1472 674 finalem
1500 637 1581 673 eius
1606 637 1726 674 deter-

272 697 519 734 minationem
540 697 580 732 in
603 696 741 744 quibus
763 697 942 733 lectiones
964 697 1172 734 ordinarias
1192 697 1341 734 audiuit
1362 697 1451 733 licet
1475 709 1549 733 non
1575 697 1729 733 omnino

272 756 478 792 secundum
500 756 658 792 formam
682 755 821 792 statuti
843 768 929 792 cum
952 755 1076 792 tribus
1097 755 1402 803 responsionibus
1423 756 1612 792 sufficiant
1628 756 1662 792 ei
1678 755 1727 791 ad

272 816 527 863 incipiendum
546 816 584 851 in
602 815 749 851 artibus

179 874 278 910 Item
311 874 528 910 conceditur
559 874 712 910 domino
743 874 902 921 Wryght
930 878 972 910 vt
1001 886 1135 911 novem
1168 875 1321 911 termini
1354 878 1441 922 post
1469 875 1619 911 finalem
1647 874 1729 911 eius

271 934 624 971 determinationem
657 934 696 969 in
729 933 868 980 quibus
899 934 1079 971 lectiones
1111 934 1319 971 ordinarias
1351 934 1500 971 audiuit
1531 934 1620 971 licet
1652 946 1727 970 non

272 994 425 1030 omnino
451 993 658 1029 secundum
685 993 844 1029 formam
869 993 1007 1029 statuti
1032 1005 1119 1030 cum
1145 993 1268 1030 tribus
1295 994 1601 1041 responsionibus
1627 994 1728 1030 suffi-

272 1053 374 1088 ciant
398 1053 432 1088 ei
456 1052 505 1089 ad
530 1051 785 1099 incipiendum
810 1052 849 1088 in
874 1052 1022 1089 artibus

178 1111 319 1148 Eadem
351 1112 473 1158 gratia
504 1111 552 1148 de
580 1111 693 1147 verbo
726 1112 765 1148 in
794 1111 951 1148 verbum
983 1112 1202 1149 conceditur
1233 1113 1398 1149 dominis
1431 1113 1568 1149 Rames
1597 1113 1730 1150 Carter

273 1171 419 1208 Croftes
443 1174 482 1207 et
506 1170 662 1207 Warren

178 1230 277 1266 Item
302 1230 519 1266 conceditur
541 1230 694 1266 domino
720 1229 857 1266 Hulett
880 1233 923 1266 vt
945 1232 968 1266 9
990 1230 1143 1266 termini
1168 1242 1254 1267 cum
1280 1232 1443 1267 termino
1467 1232 1506 1268 in
1529 1244 1605 1279 quo
1627 1237 1729 1280 post-

271 1301 386 1336 quam
419 1288 653 1336 responderit
680 1289 868 1336 questioni
902 1289 941 1325 in
969 1289 1109 1349 quibus
1140 1289 1318 1326 lectiones
1346 1291 1554 1328 ordinarias
1581 1292 1731 1328 audiuit

272 1349 360 1385 licet
399 1361 475 1385 non
515 1349 668 1385 omnino
703 1349 909 1386 secundum
942 1350 1102 1386 formam
1135 1351 1272 1386 statuti
1305 1363 1391 1387 cum
1424 1351 1547 1388 tribus
1578 1364 1729 1400 respon-

271 1408 440 1445 sionibus
464 1409 653 1445 sufficiant
677 1409 712 1446 ei
737 1409 784 1445 ad
810 1409 1065 1456 incipiendum
1091 1410 1130 1446 in
1155 1409 1303 1446 artibus

177 1467 320 1504 Eadem
335 1468 458 1515 gratia
473 1468 521 1506 de
536 1468 649 1506 verbo
666 1469 705 1505 in
723 1468 877 1506 verbum
895 1469 1113 1506 conceditur
1128 1470 1280 1506 domino
1297 1470 1470 1518 Clowghe

177 1528 263 1565 Vna
289 1540 376 1564 cum
402 1529 488 1565 istis
513 1529 734 1576 inceperunt
759 1529 806 1566 de
829 1530 982 1576 collegio
1012 1530 1139 1577 Regali
1167 1530 1306 1577 quibus
1330 1531 1435 1567 nulla
1458 1543 1632 1567 concessa
1656 1531 1731 1568 fuit

271 1587 502 1635 dispensatio
517 1588 659 1625 domini
679 1588 821 1625 Master
837 1589 925 1625 Scot
943 1589 1091 1626 Cordall
1107 1592 1147 1626 et
1164 1589 1272 1626 Noke

295 1780 518 1824 Numerus
550 1781 855 1838 Magistrorum
886 1782 930 1824 in
962 1782 1129 1825 artibus
1158 1782 1284 1825 iuxta
1312 1783 1611 1826 senior-itatem

394 1924 406 1947 ¹
416 1924 557 1960 Master
849 1924 999 1960 Cordall
1256 1925 1426 1961 Bowlton

415 1983 571 2029 Igulden
851 1984 959 2020 Noke
1256 1985 1389 2021 Carter

343 2042 399 2077 M*
416 2042 567 2078 Walker
852 2043 989 2079 Hulett
1255 2043 1383 2080 Orofte

413 2101 635 2149 Whytgyfte
850 2102 1024 2149 Clowghe
1186 2103 1242 2139 Mr
1259 2103 1421 2150 Ryselay

416 2161 530 2196 Ithell
854 2161 1018 2208 Bryscoo
1258 2162 1393 2209 Kynge

415 2220 523 2257 Scott
782 2221 837 2256 Μ’
854 2221 978 2268 Degge
1259 2222 1414 2258 Warren

416 2279 616 2327 Fyrbanke
855 2280 1017 2328 Wryght
1260 2281 1400 2318 Betson

345 2340 400 2375 Μ’
417 2340 620 2387 Robynson
856 2341 994 2377 Rames
1261 2341 1502 2390 Pyckerynge

181 2477 279 2514 Item
301 2477 519 2514 conceditur
534 2481 577 2514 vt
599 2478 778 2524 magister
801 2478 929 2514 Raven
951 2481 1038 2526 post
1060 2479 1230 2516 studium
1248 2482 1268 2518 7
1285 2492 1471 2517 annorum
1488 2481 1527 2516 in
1545 2481 1732 2518 medicina

274 2540 476 2584 postquam
498 2537 636 2573 rexerit
657 2537 697 2573 in
719 2537 867 2574 artibus
888 2541 928 2574 et
944 2549 1058 2574 vnam
1080 2539 1360 2585 responsionem
1378 2540 1418 2575 in
1435 2541 1638 2576 commitiis
1654 2541 1731 2577 iam

274 2595 444 2632 habitam
476 2595 617 2632 habeat
643 2599 810 2632 vestram
838 2596 1111 2634 authoritatem
1139 2598 1186 2634 ad
1217 2599 1502 2646 practicandum
1531 2600 1570 2636 in
1600 2600 1731 2637 eadem

274 2655 455 2692 facultate
475 2658 515 2692 et
536 2655 666 2692 literas
689 2655 802 2692 huius
825 2657 1074 2693 concessionis
1095 2658 1329 2705 conscriptas
1345 2662 1470 2695 vestro
1491 2659 1613 2706 sigillo
1633 2671 1731 2696 com-

274 2714 381 2750 muni
397 2713 614 2761 obsignatas

269 2815 280 2836 ¹
305 2813 417 2847 These
432 2824 553 2847 names
568 2825 629 2848 are
644 2815 814 2857 arranged
830 2815 867 2848 in
883 2825 948 2848 one
963 2815 1102 2849 column
1117 2817 1222 2859 along
1238 2816 1298 2850 the
1313 2817 1448 2851 bottom
1463 2819 1502 2851 of
1515 2819 1540 2851 f.
1558 2819 1602 2852 46
1616 2819 1650 2851 b.
