2002 3236
307 166 362 207 22
886 175 1038 208 omos
1069 176 1190 208 soox
1222 178 1252 208 Δ
1631 165 1850 222 [1544-45

399 281 514 325 atque
529 278 635 325 prius
650 279 732 315 eius
747 278 908 315 eruditio
924 283 963 315 et
980 290 1102 315 mores
1117 278 1375 326 approbentur
1390 291 1457 326 per
1472 279 1671 326 magistros
1689 279 1852 315 Haddon

399 340 439 371 et
464 335 578 372 Carre

306 394 405 430 Item
422 395 639 431 conceditur
655 396 842 432 Willelmo
866 396 1035 432 Irelande
1051 400 1094 432 vt
1112 399 1156 432 12
1173 397 1326 432 termini
1349 408 1435 432 cum
1458 408 1501 432 eo
1518 397 1558 432 in
1582 409 1658 443 quo
1679 397 1854 433 determi-

400 457 559 490 naturus
575 458 634 490 est
650 455 689 490 in
706 454 844 500 quibus
860 455 1038 491 lectiones
1049 455 1257 491 ordinarias
1272 455 1421 491 audiuit
1437 467 1503 502 per
1515 456 1694 492 maiorem
1706 459 1853 502 partem

399 512 438 547 in
470 515 554 548 toto
585 524 672 548 cum
704 513 1004 560 oppositionibus
1031 517 1071 550 et
1102 513 1409 561 responsionibus
1440 515 1632 561 requisitis
1666 515 1855 551 sufficiant

399 570 472 606 sibi
488 571 536 606 ad
553 571 854 618 respondendum
870 573 1061 618 questioni

306 628 449 664 Eadem
475 629 673 675 gratiassde
702 629 817 666 verbo
846 630 887 666 in
911 629 1068 666 verbum
1101 631 1320 667 conceditur
1351 631 1490 668 Joanni
1524 631 1687 680 Wryght
1718 632 1857 668 Joanni

401 688 534 735 Hyron
560 691 599 724 et
624 688 763 724 Briano
788 687 922 736 Storey

307 747 406 782 Item
432 746 651 783 conceditur
673 747 815 783 Jacobo
842 747 1073 795 Skydmoore
1100 752 1144 784 vt
1172 760 1236 785 sex
1261 749 1412 785 termini
1439 750 1479 786 in
1511 749 1649 797 quibus
1680 749 1859 786 lectiones

400 805 607 841 ordinarias
630 805 780 842 audiuit
802 805 891 842 licet
915 818 991 842 non
1016 807 1170 843 omnino
1190 807 1399 844 secundum
1422 808 1582 845 formam
1606 809 1744 844 statuti
1769 820 1855 844 cum

399 864 699 911 oppositionibus
726 867 766 901 et
792 865 1098 913 responsionibus
1128 867 1323 914 requisitis
1355 867 1545 903 sufficiant
1569 867 1604 904 ei
1630 867 1679 903 ad
1703 879 1854 915 respon-

401 923 567 960 dendum
592 924 782 970 questioni

307 982 406 1018 Item
431 983 648 1019 conceditur
672 982 873 1019 Edmundo
898 983 1100 1020 Edwardes
1125 988 1168 1020 vt
1197 987 1241 1020 12
1265 985 1419 1021 termini
1445 985 1485 1021 in
1513 984 1652 1032 quibus
1679 985 1858 1021 lectiones

400 1042 608 1078 ordinarias
632 1042 782 1078 audiuit
802 1054 870 1090 per
892 1043 1073 1079 maiorem
1097 1046 1244 1090 partem
1271 1044 1311 1079 in
1337 1046 1420 1080 toto
1445 1055 1530 1080 cum
1557 1043 1857 1091 oppositionibus

399 1105 440 1137 et
455 1100 761 1149 responsionibus
777 1101 970 1148 requisitis
986 1101 1175 1138 sufficiant
1191 1102 1225 1138 ei
1242 1101 1291 1138 ad
1307 1101 1608 1150 respondendum
1625 1103 1813 1150 questioni

149 1211 178 1253 f.
202 1212 288 1251 lOa
306 1218 406 1254 Item
428 1217 647 1254 conceditur
668 1217 802 1264 Egidio
823 1217 1000 1254 Bouskell
1024 1220 1068 1254 vt
1090 1218 1262 1254 vndecim
1282 1219 1435 1255 termini
1454 1218 1494 1255 in
1516 1218 1655 1266 quibus
1678 1219 1858 1255 lectiones

399 1276 608 1312 ordinarias
632 1275 781 1312 audiuit
803 1287 871 1323 per
895 1276 1077 1312 maiorem
1101 1279 1250 1323 partem
1274 1277 1315 1313 in
1337 1281 1420 1314 toto
1448 1289 1535 1313 cum
1557 1276 1856 1325 oppositionibus

398 1339 438 1372 et
454 1333 760 1382 responsionibus
775 1334 970 1380 requisitis
986 1334 1176 1371 sufficiant
1192 1335 1227 1371 ei
1244 1335 1292 1371 ad
1308 1334 1610 1383 respondendum
1627 1335 1816 1382 questioni

305 1395 404 1430 Item
420 1393 639 1430 conceditur
655 1393 767 1429 Petro
782 1392 1029 1441 Wylliamson
1048 1392 1257 1440 presbitero
1279 1396 1323 1430 vt
1344 1405 1480 1430 novem
1502 1394 1654 1430 termini
1679 1394 1855 1441 completi

398 1454 438 1489 in
462 1451 602 1500 quibus
625 1452 804 1488 lectiones
829 1451 1038 1488 ordinarias
1065 1451 1215 1488 audiuit
1238 1452 1325 1488 licet
1358 1463 1435 1488 non
1468 1452 1621 1488 omnino
1648 1451 1854 1488 secundum

398 1514 558 1549 formam
581 1512 719 1548 statuti
736 1523 823 1548 cum
840 1510 1141 1559 oppositionibus
1156 1513 1197 1547 et
1212 1510 1518 1559 responsionibus
1540 1511 1732 1558 requisitis
1754 1511 1854 1548 suffi-

397 1571 501 1607 ciant
516 1570 551 1606 ei
567 1569 615 1606 ad
629 1569 792 1606 finaliter
807 1569 1139 1606 determinandum
1151 1581 1239 1605 cum
1254 1569 1389 1606 ceteris
1402 1569 1515 1605 huius
1527 1569 1617 1605 anni
1629 1568 1854 1606 determina-

397 1630 544 1666 toribus
568 1629 624 1665 ita
646 1633 775 1665 tamen
792 1629 893 1676 quod
910 1630 992 1665 eius
1011 1628 1175 1666 eruditio
1197 1632 1237 1665 et
1259 1640 1382 1666 mores
1404 1630 1510 1676 prius
1532 1629 1794 1666 examinentur
1815 1634 1855 1666 et

396 1688 655 1737 approbentur
677 1700 745 1736 per
767 1689 1001 1737 oppositores
1024 1689 1138 1726 huius
1162 1689 1252 1726 anni

304 1748 403 1785 Item
420 1747 637 1784 conceditur
654 1747 819 1783 Henrico
840 1747 995 1796 Rabbye
1019 1750 1062 1784 vt
1086 1750 1130 1784 12
1155 1747 1309 1784 termini
1330 1747 1370 1784 in
1394 1747 1534 1794 quibus
1557 1747 1735 1784 lectiones
1756 1747 1853 1784 ordi-

396 1807 522 1844 narias
559 1805 710 1842 audiuit
738 1806 826 1842 licet
857 1818 933 1843 non
966 1806 1120 1842 omnino
1160 1806 1367 1843 secundum
1400 1806 1560 1842 formam
1596 1806 1733 1842 statuti
1766 1817 1852 1842 cum

395 1865 696 1915 oppositionibus
721 1871 761 1902 et
793 1865 1099 1914 responsionibus
1127 1866 1321 1914 requisitis
1349 1866 1539 1903 sufficiant
1570 1866 1604 1902 ei
1629 1865 1678 1902 ad
1702 1877 1852 1913 respon-

394 1926 561 1964 dendum
587 1926 776 1973 questioni

300 1986 620 2024 Determinatores
636 1984 778 2032 collegii
797 1985 947 2033 Regalis
963 1985 1034 2022 hoc
1055 1997 1155 2022 anno
1175 1984 1318 2021 domini
1342 1983 1466 2032 Lodge
1489 1984 1670 2020 Emerson
1691 1987 1732 2020 et
1755 1984 1852 2032 Page

396 2044 519 2081 Baker
538 2045 622 2091 (sic)

302 2104 399 2141 Item
423 2104 642 2140 conceditur
658 2103 826 2140 Antonio
851 2103 1000 2152 Baynes
1020 2106 1062 2140 vt
1086 2106 1131 2139 12
1157 2102 1308 2140 termini
1334 2103 1373 2139 in
1395 2102 1534 2150 quibus
1555 2102 1734 2139 lectiones
1753 2103 1849 2140 ordi-

395 2163 520 2200 narias
547 2162 696 2199 audiuit
720 2173 787 2210 per
815 2162 994 2199 maiorem
1019 2166 1166 2210 partem
1194 2162 1233 2198 in
1260 2164 1342 2199 toto
1368 2173 1455 2198 cum
1479 2161 1780 2210 oppositionibus
1812 2167 1851 2199 et

394 2221 700 2270 responsionibus
732 2221 926 2269 requisitis
958 2221 1148 2258 sufficiant
1179 2221 1214 2258 ei
1242 2221 1290 2258 ad
1326 2220 1626 2269 respondendum
1662 2221 1850 2268 questioni

394 2282 449 2318 ita
470 2285 597 2317 tamen
615 2284 657 2316 vt
673 2281 754 2316 eius
776 2279 955 2316 admissio
977 2282 1055 2317 stet
1070 2280 1104 2316 ei
1122 2291 1190 2328 pro
1207 2280 1317 2328 pleno
1333 2279 1450 2327 gradu
1469 2283 1510 2316 et
1531 2279 1652 2316 forma
1671 2280 1848 2327 quoniam

393 2339 651 2377 achademiam
668 2338 868 2375 relicturus
885 2339 1095 2387 proximam
1113 2338 1466 2376 determinationem
1482 2341 1677 2386 expectare
1694 2350 1768 2374 non
1786 2350 1849 2386 po-

394 2403 471 2437 test
502 2402 542 2436 et
574 2402 617 2435 vt
648 2398 730 2435 eius
761 2397 924 2435 eruditio
955 2398 1191 2435 examinetur
1221 2400 1261 2435 et
1293 2396 1521 2446 approbetur
1553 2408 1619 2444 per
1651 2397 1849 2444 magistros

394 2458 598 2507 Dawlynge
622 2461 662 2494 et
686 2457 799 2494 Carre
822 2462 861 2494 et
886 2456 987 2506 quod
1010 2459 1188 2505 sumptus
1211 2457 1309 2494 serat
1331 2468 1376 2493 ex
1393 2467 1489 2503 equo
1513 2467 1598 2492 cum
1623 2454 1848 2492 determina-

394 2517 493 2554 turis
517 2517 555 2553 in
581 2515 750 2563 proximo
775 2526 875 2551 anno

300 2577 396 2614 Item
424 2574 642 2613 conceditur
663 2574 800 2611 Joanni
827 2573 1005 2611 Goldwell
1033 2575 1075 2611 vt
1099 2584 1233 2610 novem
1259 2572 1410 2610 termini
1440 2571 1478 2607 in
1507 2570 1646 2619 quibus
1670 2570 1848 2608 lectiones

392 2634 600 2672 ordinarias
629 2632 779 2670 audiuit
803 2644 870 2680 per
893 2633 1072 2669 maiorem
1101 2634 1247 2680 partem
1271 2631 1310 2668 in
1333 2634 1415 2668 toto
1436 2641 1522 2667 cum
1547 2629 1847 2678 oppositionibus

392 2700 431 2732 et
456 2692 760 2742 responsionibus
782 2692 974 2740 requisitis
996 2691 1187 2729 sufficiant
1209 2691 1242 2728 ei
1265 2690 1314 2727 ad
1336 2688 1637 2738 respondendum
1657 2689 1845 2737 questioni
1879 2740 1886 2745 ᾖ

394 2754 448 2791 ita
474 2756 515 2790 vt
536 2753 617 2789 eius
637 2750 817 2788 admissio
839 2754 917 2788 stet
940 2762 1008 2799 pro
1029 2749 1215 2798 completo
1238 2748 1356 2797 gradu
1381 2749 1436 2786 ita
1451 2747 1551 2797 quod
1577 2748 1658 2785 eius
1682 2747 1845 2785 eruditio

392 2812 627 2849 examinetur
648 2815 687 2847 et
709 2809 937 2858 approbetur
959 2820 1025 2858 per
1047 2809 1244 2857 magistros
1266 2807 1380 2846 Carra
1403 2811 1443 2846 et
1466 2806 1627 2845 Haddon
1650 2811 1690 2844 et
1714 2806 1847 2856 [quod]

390 2877 467 2909 stet
484 2871 523 2908 in
538 2869 824 2918 quadragesima
839 2880 925 2907 cum
942 2869 1076 2906 ceteris
1091 2867 1353 2917 questionistis
