1976 3276
185 145 403 202 1569-70]
766 156 916 188 ossAon
948 155 1071 187 BOOK
1103 156 1132 186 Δ
1646 147 1726 187 241

180 259 406 296 Conceditur
424 263 468 296 10
484 259 508 296 J
510 260 590 296 unii
609 263 651 296 vt
667 260 857 307 responsio
879 270 994 306 quam
1017 261 1238 306 peracturus
1260 261 1318 294 est
1342 259 1520 305 magister
1542 259 1565 294 J
1568 271 1599 294 o.
1628 259 1727 306 Styll

275 318 313 354 in
331 318 511 365 proximis
529 318 694 354 comitiis
710 321 787 354 stet
804 329 871 365 pro
887 317 1004 364 gradu
1021 320 1060 353 et
1076 328 1189 353 cursu
1206 317 1286 353 suis

181 377 408 414 Conceditur
424 380 470 413 30
486 377 510 412 J
512 377 592 413 unii
610 380 652 413 vt
677 378 855 424 magister
873 376 1083 413 Willelmus
1101 376 1283 424 Wyckam
1303 380 1541 424 presentetur
1565 377 1613 412 ad
1637 388 1725 413 can-

274 437 409 473 tariam
433 439 597 472 vestram
620 436 666 473 de
689 436 872 484 Wynsore
896 435 1063 472 debitam
1086 436 1339 472 concionator-i
1362 435 1434 472 sub
1456 436 1579 482 sigillo
1602 438 1727 471 vestro

275 497 464 532 communi

181 554 408 591 Conceditur
432 557 478 590 30
501 554 608 590 Junii
633 558 671 590 et
696 555 818 602 primo
842 554 866 590 J
870 554 936 590 ulii
959 565 1045 590 cum
1068 553 1259 590 academia
1281 554 1508 590 concesserit
1530 553 1727 601 prelectori

275 615 445 650 lectionis
474 614 678 660 theologice
706 614 857 650 domine
888 614 1098 660 Margarete
1130 613 1165 660 vj
1179 613 1206 649 li
1239 613 1334 660 xiijs
1367 612 1458 659 iiijd
1490 615 1529 648 et
1561 613 1594 648 ei
1624 612 1727 648 oneri

276 673 427 709 ferendo
455 684 521 720 per
549 672 790 720 quotidianas
819 673 1008 720 impensas
1039 684 1113 708 non
1145 671 1306 707 sufficiat
1331 675 1370 707 et
1395 671 1521 707 omnia
1552 671 1727 707 sacellani

275 731 533 768 vniuersitatis
559 742 715 767 munera
738 735 779 767 vt
803 731 989 778 papistica
1012 742 1079 778 per
1101 730 1199 776 leges
1221 729 1452 776 abrogantur
1474 729 1597 776 placet
1621 729 1728 765 vobis

275 794 317 826 vt
333 802 482 826 annuus
499 789 668 826 redditus
686 789 739 825 illi
756 789 850 825 solvi
868 792 1071 825 consuetus
1087 789 1135 825 ad
1153 788 1342 824 academie
1361 800 1469 824 vsum
1486 790 1729 824 convertatur

180 849 407 886 Conceditur
424 850 444 886 7
461 849 483 884 J
488 849 555 884 ulii
574 851 616 884 vt
633 848 808 884 dominus
827 848 941 884 Henr.
963 847 1147 884 Hawarde
1170 848 1290 895 possit
1311 859 1436 894 regere
1452 852 1491 883 et
1509 859 1584 884 non
1603 859 1727 894 regere

274 907 322 944 ad
340 908 520 955 placitum

298 2931 320 2957 L
354 2931 404 2958 lv.
1578 2918 1625 2957 16
