2008 3294
356 168 442 210 356

939 178 1092 210 GRACE
1122 179 1246 210 BOOK
1276 178 1307 209 Δ
1681 168 1904 224 [1581-82

726 459 889 501 Gratiae
921 474 1005 501 non
1038 463 1347 501 concernentes
1377 459 1539 515 gradus

356 589 583 625 Conceditur
611 592 658 624 30
684 588 858 624 Octobris
885 591 926 624 vt
953 589 1132 635 magister
1157 589 1248 626 Tho.
1279 589 1366 625 Dixi
1393 589 1446 625 sit
1473 601 1570 625 vnus
1596 602 1641 626 ex
1671 593 1714 626 12
1741 590 1907 637 predica-

453 648 598 684 toribus
626 648 697 684 hoc
726 649 891 695 presenti
921 660 1020 684 anno
1049 660 1116 695 per
1143 648 1375 684 academiam
1403 649 1622 685 emittendis
1649 650 1704 685 sic
1729 653 1772 685 vt
1797 661 1910 696 super

453 707 523 743 hac
553 710 678 743 vestra
705 705 942 743 concessione
970 707 1099 743 literas
1128 707 1267 744 habeat
1295 708 1479 755 sigillatas
1507 708 1628 756 sigillo
1656 711 1782 745 vestro
1809 720 1907 744 com-

453 779 560 802 mum

359 826 500 862 Eadem
533 826 655 872 gratia
682 825 900 862 conceditur
932 829 977 862 23
1007 826 1181 863 Octobris
1209 827 1316 863 Alex.
1347 827 1568 864 Sowthacke
1595 839 1698 864 sacre
1726 827 1910 874 theologie

454 884 720 921 bacchalaureo
786 888 827 921 11
864 885 957 921 Maii
991 885 1178 921 Willelmo
1221 885 1445 922 Pemberton
1479 886 1519 922 in
1553 885 1699 923 artibus
1731 886 1910 932 magistro

456 947 499 980 18
523 944 631 980 Junii
656 944 720 979 W⁰
745 943 788 980 W
791 944 940 981 hittoffe
963 945 1003 981 in
1028 944 1176 981 artibus
1201 945 1381 991 magistro
1440 948 1486 982 23
1509 945 1617 982 Junii
1642 945 1740 982 And.
1766 944 1910 981 Arnold

453 1015 557 1039 sacre
582 1003 767 1051 theologie
792 1003 1062 1040 bacchalaureo
1120 1006 1165 1042 27
1190 1004 1297 1040 Junii
1323 1005 1387 1040 W⁰
1412 1005 1571 1052 Hynton
1598 1016 1702 1041 sacre
1726 1004 1910 1051 theologie

454 1062 721 1099 bacchalaureo
770 1065 815 1098 28
839 1063 863 1099 J
868 1063 948 1099 unii
973 1063 1088 1100 Anto.
1117 1063 1279 1111 Hyggyn
1306 1076 1410 1100 sacre
1436 1064 1620 1111 theologie
1645 1063 1912 1100 bacchalaureo

453 1126 492 1159 4⁰
508 1123 532 1159 J
534 1122 602 1158 ulii
618 1122 709 1159 Abr.
727 1122 892 1159 Conams
914 1134 1017 1159 sacre
1039 1123 1224 1170 theologie
1245 1122 1513 1159 bacchalaureo
1535 1125 1575 1159 et
1597 1123 1726 1159 Franc.
1746 1122 1848 1159 Snell
1870 1122 1909 1158 in

453 1181 600 1218 artibus
620 1182 801 1228 magistro

359 1239 586 1277 Conceditur
614 1243 660 1276 23
685 1239 860 1276 Octobris
884 1244 926 1276 vt
953 1240 1132 1287 magister
1155 1240 1252 1276 Gold
1283 1239 1409 1276 Pemb.
1435 1240 1611 1288 suppleat
1635 1241 1735 1276 vices
1762 1240 1912 1276 lectoris

452 1296 656 1332 rethorices
683 1308 751 1343 pro
779 1296 849 1332 hoc
878 1308 978 1332 anno
1006 1296 1179 1342 sequenti
1241 1296 1380 1332 Eodem
1414 1295 1631 1333 conceditur
1659 1300 1702 1333 vt
1733 1297 1912 1344 magister

454 1355 600 1392 Holden
621 1355 751 1402 junior
774 1355 949 1403 suppleat
973 1355 1074 1391 vices
1099 1355 1250 1392 lectoris
1274 1356 1511 1404 philosophie
1534 1359 1574 1393 et
1598 1356 1776 1404 magister
1801 1355 1911 1393 Hood

452 1415 627 1463 suppleat
652 1416 751 1451 vices
775 1415 924 1451 lectoris
949 1415 1217 1452 mathematice

358 1475 585 1512 Conceditur
614 1476 659 1511 27
685 1473 858 1511 Octobris
883 1478 926 1510 vt
951 1474 1129 1521 magister
1153 1473 1296 1522 [blank]
1326 1474 1510 1521 Brograve
1537 1473 1782 1522 jurisperitus
1807 1474 1858 1511 sit
1887 1487 1910 1510 a

452 1533 618 1570 consiliis
647 1533 782 1569 vestris
815 1533 853 1568 in
887 1532 1020 1569 litibus
1052 1535 1092 1568 et
1123 1532 1247 1569 causis
1279 1532 1468 1569 academie
1501 1533 1744 1580 procurandis
1776 1535 1816 1569 et
1843 1545 1911 1581 pro
1968 1567 1971 1569 a

452 1592 578 1629 labore
600 1595 640 1628 et
661 1592 816 1628 consilio
838 1592 914 1627 iam
939 1591 1108 1638 impenso
1130 1594 1169 1627 et
1191 1591 1230 1626 in
1254 1595 1445 1638 posterum
1469 1591 1718 1639 impendendo
1740 1592 1779 1628 in
1802 1604 1910 1639 nego-

453 1652 520 1688 ciis
548 1651 684 1688 vestris
710 1651 909 1687 annuatim
936 1650 1093 1698 recipiat
1121 1662 1166 1686 ex
1192 1649 1311 1686 erario
1337 1650 1488 1697 publico
1514 1650 1580 1687 xls
1607 1651 1735 1698 legalis
1762 1654 1911 1688 monete

453 1711 589 1758 Anglie
611 1711 658 1747 ad
683 1711 780 1747 festa
805 1711 934 1747 Sancti
960 1710 1155 1746 Michaelis
1177 1709 1388 1756 archangeli
1413 1714 1452 1746 et
1476 1711 1777 1748 annuntiationis
1801 1711 1911 1748 beate

454 1770 573 1807 Marie
601 1769 757 1817 virginis
789 1781 856 1816 per
884 1768 1035 1816 equales
1064 1768 1257 1815 porciones
1284 1768 1482 1805 solvendos
1510 1781 1577 1817 per
1604 1769 1797 1806 dominum
1827 1781 1910 1817 pro-

452 1828 715 1865 cancellarium
747 1840 814 1875 pro
843 1831 1011 1875 tempore
1038 1827 1262 1863 existentem
1296 1827 1477 1874 quamdiu
1510 1828 1726 1865 huiusmodi
1757 1841 1910 1866 munere

451 1893 491 1925 et
523 1888 631 1925 feodo
663 1886 824 1935 gaudere
852 1886 973 1934 possit
1001 1898 1068 1933 per
1095 1886 1406 1922 consuetudinem
1436 1886 1548 1922 huius
1577 1887 1678 1934 regni
1709 1887 1844 1935 Anglie
1872 1890 1912 1924 et

450 1961 563 1997 super
590 1948 661 1985 hac
687 1951 813 1984 vestra
841 1946 1077 1983 concessione
1106 1945 1234 1981 literas
1263 1944 1403 1981 habeat
1430 1945 1612 1992 sigillatas
1638 1947 1760 1994 sigillo
1786 1950 1910 1984 vestro

357 2020 645 2115 Eadecgmgeiizri‘zi
668 2065 886 2103 conceditur
910 2065 1039 2101 eodem
1066 2065 1245 2112 magistro
1270 2063 1501 2101 Christofero
1526 2064 1727 2101 Yelverton

356 2127 584 2165 Conceditur
606 2127 651 2163 27
672 2125 843 2162 Januarii
867 2135 952 2160 cum
975 2123 1056 2160 dies
1078 2123 1123 2159 ad
1150 2122 1447 2171 philosophicam
1471 2122 1771 2170 disputacionem
1793 2125 1909 2172 assig-

451 2186 531 2223 nati
560 2197 635 2222 non
663 2184 856 2221 sufficiunt
885 2182 1093 2230 incepturis
1119 2182 1157 2218 in
1185 2181 1331 2219 artibus
1361 2182 1430 2219 hoc
1458 2194 1557 2219 anno
1585 2182 1708 2230 placet
1735 2183 1841 2221 vobis
1867 2188 1909 2221 vt

449 2242 666 2282 huiusmodi
691 2242 972 2290 disputaciones
1000 2242 1093 2277 fiant
1119 2239 1252 2277 diebus
1277 2240 1436 2277 Veneris
1459 2244 1499 2277 et
1526 2241 1679 2277 Saturni
1707 2241 1745 2278 iu
1771 2242 1908 2280 scholis

450 2302 684 2353 philosophie
706 2314 729 2338 a
751 2313 851 2338 nona
872 2300 920 2337 ad
942 2299 1176 2337 vndecimam
1199 2303 1239 2337 et
1261 2300 1377 2337 etiam
1399 2300 1568 2348 quolibet
1590 2301 1651 2338 die
1673 2302 1838 2349 profesto
1859 2302 1908 2339 ab

452 2364 543 2401 hora
577 2362 699 2410 prima
734 2359 990 2408 pomeridiana
1022 2358 1070 2395 ad
1107 2359 1259 2396 tertiam
1294 2359 1332 2395 in
1365 2359 1492 2396 schola
1525 2359 1738 2398 dialectices
1770 2364 1809 2399 et
1846 2361 1907 2399 ille

450 2421 729 2471 disputaciones
763 2430 831 2467 pro
866 2418 1044 2466 legitimis
1078 2417 1290 2455 habeantur
1324 2418 1434 2455 modo
1467 2418 1568 2456 adsit
1603 2420 1699 2457 alter
1734 2432 1908 2469 procura·

451 2486 574 2519 mrum
608 2483 648 2517 et
676 2490 773 2516 vnus
813 2477 1040 2515 bedellorum
1083 2480 1122 2514 et
1159 2477 1375 2524 questiones
1406 2489 1535 2515 eorum
1570 2478 1690 2516 indies
1722 2480 1906 2518 scolarum

451 2540 570 2577 valvis
594 2539 795 2585 affigantur
819 2537 910 2573 hora
934 2540 1068 2573 octava
1092 2535 1390 2573 antemeridiana
1413 2535 1580 2573 eiusdem
1605 2537 1678 2574 diei

356 2599 584 2637 Conceditur
601 2601 645 2635 27
663 2596 835 2634 Januarii
855 2599 896 2631 vt
914 2595 1091 2641 magister
1109 2594 1165 2630 W0
1186 2593 1305 2631 Bland
1329 2593 1467 2632 habeat
1490 2595 1618 2633 literas
1637 2597 1908 2636 testimoniales

450 2658 587 2707 gradun
604 2661 644 2694 et
660 2654 954 2693 conversationis
970 2665 1037 2690 sue
1053 2653 1237 2700 sigillatas
1253 2653 1374 2700 sigillo
1388 2657 1512 2690 vestro
1529 2655 1718 2692 communi
1764 2656 1905 2694 Eadem

449 2717 571 2767 gratia
598 2714 815 2753 conceditur
843 2712 972 2750 eodem
1003 2712 1183 2758 magistro
1212 2712 1355 2749 Arturo
1384 2712 1581 2760 Wylliams
1639 2716 1685 2750 20
1714 2714 1906 2753 Februarii

450 2776 629 2823 magistro
645 2774 702 2811 Jo.
725 2772 872 2809 Waters
919 2773 958 2807 3⁰
975 2770 1118 2818 Aprilis
1137 2770 1315 2818 magistro
1333 2770 1463 2807 Frane.
1483 2770 1707 2819 Browghton
1758 2777 1796 2810 4⁰
1813 2774 1836 2811 J
1841 2775 1905 2812 ulii

450 2834 629 2882 magistro
652 2831 753 2870 Edw.
771 2830 967 2879 Chapman
990 2835 1029 2866 et
1052 2833 1074 2865 ὁ
1091 2828 1183 2867 Julii
1210 2829 1388 2879 magistro
1412 2829 1594 2868 Nicholao
1618 2831 1749 2870 Foster
1765 2833 1906 2882 (Regis)

448 2897 472 2932 8
487 2892 593 2931 Junii
618 2889 739 2929 David
764 2888 946 2927 Robertee
