2008 3216
292 162 348 204 90
891 170 1043 204 omer:
1074 170 1197 203 BooK
1229 173 1258 203 Δ
1623 161 1844 218 [1552-53

386 277 552 314 Madewe
592 278 730 314 Mowse
767 278 905 325 Blythe
942 278 1113 325 magistri
1155 279 1311 326 Wylkes
1350 280 1561 326 Perpoynte
1600 278 1844 326 Sedgeswyke

384 337 556 385 Maptytt
582 338 720 373 Person
745 341 784 373 et
807 340 1067 384 procuratores
1092 337 1258 374 habeant
1281 339 1553 374 authoritatem
1580 342 1746 374 vestram
1768 349 1843 373 non

383 397 505 433 solum
522 396 744 444 inspiciendi
761 400 801 433 et
817 396 1057 433 examinandi
1074 397 1264 443 predictas
1280 401 1405 434 cartas
1429 401 1468 434 et
1484 397 1693 434 evidentias
1710 409 1841 433 verum

382 456 498 492 etiam
532 459 573 492 vt
609 467 672 491 eas
704 467 834 492 omnes
867 467 941 503 que
973 468 1041 503 pro
1073 455 1313 492 libertatibus
1344 456 1560 493 achademie
1592 456 1744 492 tuendis
1775 459 1844 492 aut

380 515 548 551 eiusdem
572 515 717 562 legibus
739 514 1004 551 conservandis
1027 515 1148 551 facere
1173 515 1248 551 vllo
1274 515 1384 552 modo
1410 519 1553 563 queant
1576 528 1597 552 e
1620 516 1775 563 pulvere
1800 515 1839 551 in

380 575 502 611 lucem
519 586 691 610 revocare
707 578 745 610 et
762 575 801 610 in
819 586 937 610 vnum
953 574 1093 611 librum
1115 575 1279 622 redigere
1302 575 1449 622 possint
1498 575 1693 622 Simulque
1718 577 1841 622 potes-

381 637 501 670 tatem
524 633 690 670 habeant
714 633 936 680 inspiciendi
963 636 1002 669 et
1026 633 1266 669 examinandi
1294 637 1422 670 vetera
1450 634 1667 670 achademie
1693 636 1841 670 statuta

380 705 455 740 que
471 693 511 729 in
527 692 635 728 libris
652 695 936 739 procuratorum
959 691 1249 728 conscribuntur
1272 695 1316 728 vt
1331 704 1406 739 que
1426 692 1603 740 ambigua
1622 695 1661 729 et
1683 692 1841 729 obscura

381 752 461 788 sint
492 752 694 799 explanent
726 754 765 787 et
798 751 1096 798 interpretentur
1130 763 1205 798 que
1241 753 1441 799 antiquata
1472 752 1653 799 abrogent
1690 755 1730 789 et
1767 764 1841 799 que

380 811 578 847 retinenda
594 811 633 846 in
653 810 792 846 librum
814 822 930 846 vnum
952 810 1130 857 colligant
1178 812 1229 847 Et
1251 811 1431 859 quicquid
1455 813 1574 849 maior
1596 825 1683 860 pars
1704 813 1839 848 horum

378 870 586 907 decreuerit
605 872 730 906 vestra
745 870 979 906 authoritate
995 882 1064 917 pro
1081 873 1164 906 rato
1180 871 1367 907 habeatur

287 930 386 965 Item
408 928 626 964 conceditur
647 931 690 963 vt
712 928 933 964 collaciones
955 929 1193 976 quarundam
1218 930 1469 976 pecuniarum·
1487 933 1526 966 et
1550 930 1840 967 distribuciones

379 988 583 1025 earundem
600 1000 668 1035 per
683 988 906 1035 magistrum
924 988 1131 1025 Chambers
1148 989 1187 1025 in
1205 1001 1314 1026 vsum
1332 989 1569 1026 studentium
1589 990 1701 1026 istius
1718 989 1839 1025 Acha-

380 1049 502 1085 demie
535 1048 740 1084 examinari
773 1048 922 1095 possint
954 1060 1021 1095 per
1052 1048 1247 1085 dominum
1280 1049 1612 1096 procancellarium
1641 1049 1841 1096 magistros

381 1107 599 1155 Segeswyke
623 1106 815 1143 Assheton
848 1109 888 1142 et
915 1106 1030 1143 Carre
1061 1107 1204 1154 collegii
1237 1107 1438 1144 Trinitatis
1469 1111 1509 1144 et
1542 1110 1742 1155 postquam
1775 1119 1842 1154 per

380 1166 530 1203 eosdem
546 1165 753 1213 approbate
769 1165 912 1202 fuerint
928 1166 1147 1202 certificatio
1164 1165 1275 1202 modo
1297 1178 1421 1202 coram
1445 1165 1551 1202 vobis
1573 1166 1670 1203 lecta
1686 1166 1839 1213 sigillari

380 1226 500 1274 possit
516 1226 639 1273 sigillo
655 1228 781 1262 vestro
797 1226 988 1262 communi
1036 1264 1041 1268 ,

288 1287 386 1323 Item
410 1289 629 1333 acceptatur
651 1286 887 1322 renunciatio
912 1285 1083 1332 magistri
1109 1286 1204 1322 Yale
1229 1285 1386 1322 iunioris
1414 1286 1667 1334 procuratoris
1693 1290 1732 1322 et
1754 1298 1841 1322 con-

380 1344 527 1381 ceditur
542 1346 585 1380 vt
600 1337 825 1391 procedatur
840 1344 889 1381 ad
911 1356 1049 1381 novam
1073 1345 1293 1381 electionem
1310 1345 1416 1381 iuxta
1433 1345 1592 1382 formam
1608 1348 1838 1382 statutorum

382 1405 422 1440 in
439 1404 510 1440 hac
526 1408 633 1451 parte

288 1465 387 1500 Item
405 1463 623 1500 conceditur
638 1467 681 1499 vt
698 1463 877 1510 magister
896 1463 1043 1511 Parkyn
1063 1463 1226 1500 vicarius
1248 1463 1295 1500 de
1318 1463 1478 1500 Burwell
1497 1464 1677 1511 quoniam
1694 1463 1840 1500 mansio

381 1525 475 1560 satis
491 1526 581 1571 apta
597 1527 636 1560 et
653 1523 787 1560 idonea
808 1523 906 1559 infra
928 1523 1126 1560 rectoriam
1150 1523 1290 1560 ibidem
1309 1524 1342 1560 ei
1365 1524 1547 1571 assignari
1570 1535 1646 1560 non
1666 1526 1793 1571 potest
1816 1535 1840 1560 a

381 1584 487 1620 vobis
512 1596 556 1620 ex
581 1583 710 1619 aerario
734 1587 860 1619 vestro
884 1582 1035 1630 publico
1062 1583 1251 1631 percipere
1277 1584 1397 1630 possit
1423 1583 1621 1619 annuatim
1646 1583 1714 1630 vjs
1738 1582 1838 1630 viijd

381 1655 498 1691 vsque
521 1643 613 1680 dum
645 1643 766 1679 eidem
799 1643 911 1680 aliter
943 1643 1188 1691 provideatur
1218 1646 1286 1680 aut
1320 1643 1456 1680 vestris
1487 1642 1699 1691 prudentiis
1730 1642 1841 1679 aliter

380 1705 503 1740 visum
528 1704 643 1740 fuerit

286 1763 384 1799 Item
408 1763 439 1798 it.
461 1763 494 1799 is
515 1761 700 1810 graunted
722 1762 761 1809 y‘
786 1762 854 1798 Mn
879 1762 1007 1798 Bakon
1035 1762 1276 1810 Segeswycke
1302 1761 1462 1809 Maptitt
1486 1762 1518 1798 δι
1547 1761 1701 1809 Mytoho
1726 1761 1836 1798 shuld

380 1821 471 1869 ryde
494 1825 586 1865 vnto
609 1820 887 1868 Framyngham
910 1824 951 1857 to
976 1821 1042 1857 the
1063 1823 1192 1857 courte
1214 1823 1255 1857 to
1280 1832 1367 1868 cary
1384 1820 1515 1857 lettres
1539 1822 1632 1857 vnto
1655 1825 1696 1868 y⁹
1717 1832 1839 1867 quene

380 1892 443 1928 my
460 1879 561 1916 lorde
579 1879 835 1916 Wentworthe
852 1879 913 1916 Sir
929 1880 1093 1916 Thomas
1110 1879 1358 1916 Cornewalles
1373 1879 1404 1916 δι
1418 1880 1473 1916 Μ’
1487 1879 1691 1916 Rochester
1705 1879 1736 1916 &
1752 1879 1838 1916 that

381 1940 459 1976 thei
483 1938 594 1975 shuld
620 1938 666 1975 be
690 1938 900 1987 conceyved
924 1938 954 1975 δι
978 1942 1120 1987 wryten
1145 1938 1195 1986 by
1214 1939 1282 1975 Μ’·
1303 1938 1546 1987 Segeswycke
1568 1938 1681 1976 Carre
1701 1939 1838 1986 Taylor

380 1998 554 2046 (Christi)
571 2002 611 2035 et
628 1998 795 2035 Mahewe
1795 1989 1800 1996 '

287 2060 384 2096 Item
402 2059 434 2095 it
450 2058 483 2095 is
498 2057 681 2105 graunoed
699 2058 738 2106 y‘
755 2057 999 2105 thargument
1016 2058 1058 2094 of
1077 2063 1118 2105 ΥΘ
1143 2057 1275 2094 lettres
1291 2060 1332 2094 to
1353 2064 1394 2105 y⁶
1410 2068 1551 2105 quenes
1572 2069 1682 2105 grace
1704 2057 1838 2095 shulde

378 2118 425 2155 be
446 2117 701 2165 gratulatorye
723 2118 753 2154 δι
776 2122 842 2154 not
863 2121 904 2154 to
926 2118 1072 2165 impnte
1097 2117 1282 2154 thoffence
1305 2117 1348 2154 of
1367 2123 1407 2164 y‘
1431 2128 1580 2154 sermon
1603 2120 1644 2154 to
1668 2117 1734 2155 the
1753 2118 1837 2154 hole

380 2177 599 2214 vniuersitie
615 2189 658 2213 or
672 2188 747 2224 any
765 2176 875 2213 other

287 2239 383 2275 Item
411 2238 441 2274 it
467 2237 499 2274 is
526 2236 709 2284 grannted
742 2239 781 2285 y‘
813 2236 863 2284 by
891 2248 987 2284 your
1018 2236 1226 2284 authoryty
1258 2237 1298 2284 γι
1331 2235 1400 2272 M‘·
1433 2236 1563 2273 Bakon
1597 2236 1837 2284 Segeswycke

382 2296 552 2345 Maptytt
570 2295 645 2333 and
670 2296 805 2343 Myche
828 2295 961 2343 myght
982 2307 1028 2343 go
1053 2299 1093 2332 to
1115 2301 1156 2343 γ·
1179 2298 1308 2332 courte
1330 2294 1395 2331 wth
1417 2295 1549 2332 lettres
1570 2298 1611 2332 to
1631 2301 1672 2343 y⁸
1694 2306 1836 2343 quenes

377 2367 485 2404 grace
501 2367 564 2403 my
581 2354 683 2392 lorde
701 2354 937 2391 Wentforthe
955 2354 1015 2391 Sir
1027 2354 1192 2391 Thomas
1205 2353 1454 2402 Cornewallys
1466 2353 1540 2390 and
1564 2353 1619 2390 Mr
1634 2354 1837 2391 Rochester
