2008 3216
151 203 372 260 1565-66]
734 214 886 246 enses
916 213 1041 246 Boon
1071 214 1102 244 Δ
1616 202 1697 245 197

610 434 894 479 Bachalaurei
923 434 970 477 in
994 433 1095 491 jure
1125 432 1242 476 civili

152 548 378 585 Conceditur
394 548 476 596 viij⁰
493 548 686 585 Februarii
703 548 878 584 Christof.
902 547 993 583 Sare
1012 550 1055 582 vt
1077 545 1248 582 studium
1271 544 1321 592 vij
1347 556 1532 581 annorum
1555 544 1595 580 in
1618 544 1698 580 iure

245 607 345 643 civili
363 618 449 643 cum
466 605 766 654 oppositionibus
782 604 1090 653 responsionibus
1105 607 1145 640 et
1161 604 1246 640 aliis
1263 602 1453 640 exercitiis
1470 614 1537 650 per
1551 605 1700 638 statuta

244 665 345 712 regia
361 665 554 712 requisitis
570 665 732 701 sufficiat
748 664 782 700 ei
799 663 847 700 ad
864 662 1087 700 intrandum
1104 662 1143 698 in
1161 662 1293 698 eodem
1311 662 1392 698 iure

150 723 377 760 Conceditur
392 723 494 759 xxix⁰
511 722 640 759 Martii
657 722 724 758 Ed.
746 722 897 758 Marshe
914 725 957 758 vt
973 721 1144 758 studium
1163 724 1208 757 10
1224 732 1411 756 annorum
1434 720 1474 756 in
1494 720 1575 756 iure
1597 719 1698 756 civili

245 785 330 830 post
358 782 518 829 gradum
546 781 786 818 bachalaurei
812 781 851 817 in
877 780 1023 817 artibus
1048 780 1204 817 Oxoniis
1228 782 1446 827 susceptum
1471 791 1558 816 cum
1586 790 1698 826 oppo-

244 841 445 877 sitionibus
461 843 530 877 etc.
549 839 785 887 perficiendis
803 840 901 875 infra
923 850 1065 875 annum
1089 850 1156 875 sue
1178 838 1420 874 admissionis
1441 837 1514 874 sub
1535 849 1633 884 pena
1655 836 1700 872 1¹¹

243 899 416 947 ponenda
432 900 471 935 in
488 898 664 935 manibus
680 902 966 946 procuratorum
983 901 1072 934 ante
1089 898 1171 934 eius
1187 897 1456 933 admissionem
1479 897 1642 933 sufficiat
1664 897 1699 933 ei

243 959 291 996 ad
309 958 528 995 intrandum
545 958 585 995 in
600 958 732 995 eodem
749 957 830 995 iure
847 957 1005 1005 (peregit
1018 957 1145 994 omnia
1161 957 1295 1004 marq.)

603 1181 924 1225 Bachalaureus
956 1181 1002 1224 in
1032 1180 1254 1238 theologia

150 1291 377 1329 Conceditur
392 1295 434 1328 21
454 1291 478 1328 J
481 1292 561 1328 unii
578 1292 757 1339 magistro
775 1291 963 1327 Willelmo
982 1290 1207 1327 Chatterton
1226 1293 1269 1326 vt
1285 1289 1456 1326 studium
1474 1302 1497 1326 v
1514 1301 1699 1326 annorum

243 1351 283 1388 in
299 1351 485 1398 theologia
501 1354 703 1398 postquam
721 1350 858 1387 rexerit
875 1352 914 1386 in
931 1350 1078 1386 artibus
1095 1361 1182 1386 cum
1200 1349 1502 1396 oppositionibus
1516 1349 1699 1396 responsi-

245 1409 380 1446 onibus
397 1413 435 1446 et
451 1410 535 1446 aliis
551 1409 740 1446 exercitiis
756 1421 823 1456 per
840 1410 941 1455 regia
958 1411 1106 1445 statuta
1129 1408 1322 1454 requisitis
1346 1407 1583 1455 perficiendis
1604 1408 1702 1444 infra

245 1481 387 1505 annum
416 1471 503 1516 post
531 1469 612 1504 eius
641 1468 909 1504 admissionem
938 1467 1010 1504 sub
1038 1479 1136 1515 pena
1165 1466 1224 1514 vj¹¹
1254 1467 1427 1514 ponenda
1456 1468 1495 1503 in
1525 1466 1702 1502 manibus

245 1531 532 1576 procuratorum
549 1531 639 1564 ante
656 1528 737 1564 eius
753 1527 1019 1564 admissionem
1042 1527 1205 1562 sufficiat
1221 1527 1254 1562 ei
1273 1530 1353 1562 tam
1370 1526 1419 1562 ad
1435 1526 1701 1573 opponendum

244 1598 358 1634 quam
384 1586 432 1623 ad
458 1586 676 1623 intrandum
702 1587 740 1622 in
769 1586 898 1622 eadem
925 1585 1113 1632 theologia
1161 1585 1363 1622 Admissus
1387 1585 1518 1621 eodem
1543 1585 1703 1632 (peregit

245 1646 371 1682 omnia
385 1648 518 1693 mar-9.)

658 1860 870 1903 Doctores
901 1860 946 1903 in
978 1860 1199 1918 theologia

153 1971 381 2009 Conceditur
389 1979 431 2010 v⁰
448 1974 593 2020 Aprilis
610 1974 792 2020 magistro
811 1974 994 2010 Nicholao
1012 1974 1216 2023 Robynson
1234 1980 1275 2011 vt
1292 1975 1462 2011 studium
1479 1987 1502 2011 v
1519 1987 1704 2012 annorum

246 2033 285 2068 in
307 2033 492 2080 theologia
514 2037 600 2081 post
620 2034 779 2080 gradum
803 2034 1040 2071 bachalaurei
1064 2035 1103 2070 in
1127 2035 1258 2071 eadem
1280 2036 1462 2072 facultate
1485 2039 1703 2083 susceptum

246 2104 332 2128 cum
349 2104 423 2129 vna
439 2094 680 2140 respontione
697 2106 771 2130 vna
787 2095 1024 2142 oppositione
1041 2099 1080 2131 et
1103 2096 1341 2132 sermonibus
1357 2109 1424 2144 per
1441 2100 1588 2133 statuta
1604 2097 1705 2143 regia

246 2152 438 2198 requisitis
460 2152 622 2189 sufficiat
644 2153 678 2189 ei
700 2153 748 2189 ad
773 2154 1028 2201 incipiendum
1052 2155 1092 2190 in
1117 2155 1247 2191 eadem
1273 2156 1454 2192 faeultate
1478 2157 1532 2192 sic
1557 2160 1600 2192 vt
1624 2157 1706 2192 eius

246 2210 424 2246 admissio
454 2213 532 2246 stet
563 2223 632 2258 pro
663 2212 862 2258 completis
890 2212 1010 2259 gradu
1038 2218 1078 2249 et
1106 2214 1227 2250 forma
1255 2214 1474 2252 doctoratus
1504 2216 1543 2252 in
1573 2215 1704 2251 eadem

247 2269 427 2306 facultate
453 2270 631 2316 quoniam
654 2275 809 2318 propter
835 2272 988 2318 negocia
1013 2272 1114 2309 diem
1141 2273 1381 2310 comitiorum
1408 2278 1606 2322 expectare
1628 2286 1704 2310 non

247 2331 373 2376 potest
389 2329 444 2365 ita
460 2332 589 2365 tamen
606 2333 649 2365 vt
666 2330 888 2367 convivetur

152 2387 378 2424 Conceditur
407 2391 452 2424 10
480 2388 503 2424 J
506 2390 586 2425 unii
616 2390 796 2436 magistro
825 2390 1021 2427 Anthonio
1048 2392 1175 2428 Rushe
1201 2393 1394 2440 capellano
1421 2393 1703 2430 honoratissimi

246 2446 317 2482 viri
342 2447 491 2483 comitis
515 2447 679 2484 Suthsex
704 2452 747 2484 vt
770 2449 941 2486 studium
967 2463 990 2486 x
1016 2463 1200 2487 annorum
1224 2452 1263 2487 in
1289 2452 1477 2499 theologia
1501 2456 1704 2500 postquam

247 2505 384 2541 rexerit
416 2505 456 2541 in
488 2505 636 2542 artibus
669 2506 803 2542 Oxonii
836 2511 875 2543 et
908 2507 947 2554 iij
982 2519 1169 2544 annorum
1202 2512 1405 2556 postquam
1438 2510 1637 2546 intraverit
1665 2511 1705 2546 in

247 2563 377 2600 eadem
411 2564 592 2601 facultate
619 2577 706 2601 cum
735 2566 1035 2613 oppositionibus
1063 2568 1372 2614 responsionibus
1399 2569 1638 2606 sermonibus
1666 2573 1706 2605 et

248 2620 332 2656 aliis
356 2621 543 2658 exercitiis
567 2634 634 2670 per
657 2625 805 2660 statuta
830 2624 930 2670 regia
956 2625 1150 2672 requisitis
1176 2627 1412 2673 perficiendis
1437 2628 1536 2663 infra
1562 2640 1705 2664 annum

248 2690 315 2715 sue
346 2679 586 2717 admissionis
618 2681 690 2717 sub
722 2694 820 2729 pena
848 2683 917 2718 xx¹¹
946 2684 1119 2731 ponenda
1147 2685 1187 2721 in
1213 2686 1390 2722 manibus
1418 2691 1704 2734 procuratorum

250 2741 339 2774 ante
363 2738 444 2774 eius
468 2738 734 2776 admissionem
757 2741 920 2778 sufficiat
936 2742 970 2778 ei
993 2743 1041 2779 ad
1064 2743 1321 2790 incipiendum
1339 2745 1378 2780 in
1396 2757 1504 2781 sacra
1519 2745 1706 2793 theologia

248 2793 302 2828 sic
335 2797 378 2830 ut
403 2793 485 2840 ejus
517 2795 696 2832 admissio
724 2800 802 2833 stet
827 2809 896 2844 pro
921 2798 1119 2845 completis
1145 2800 1264 2846 gradu
1293 2804 1332 2835 et
1359 2801 1480 2836 forma
1510 2801 1550 2836 in
1573 2801 1704 2838 eadem

249 2851 429 2888 facultate
445 2853 499 2889 sic
514 2857 643 2890 tamen
660 2857 703 2891 vt
720 2855 940 2892 convivetur
1004 2857 1249 2894 Presentatus
1265 2870 1332 2906 per
1348 2859 1539 2895 doctorem
1558 2859 1654 2906 Pory
1667 2861 1707 2895 et

249 2909 436 2947 admissus
450 2914 472 2946 5
488 2911 512 2947 J
515 2911 582 2948 ulii
599 2911 857 2959 (dispensatur
872 2926 958 2951 cum
975 2915 1105 2952 eodem
1122 2917 1162 2952 in
1176 2918 1346 2964 proximo
1362 2929 1462 2954 anno
1477 2919 1611 2966 τηαν-9.)
