2046 3224
367 194 423 237 74
956 207 1108 240 emor:
1137 208 1261 240 BOOK
1292 209 1322 239 Δ
1690 197 1909 254 [1550-51

961 535 1321 592 Dispensationes

369 664 414 699 In
432 663 565 710 primis
580 663 797 699 conceditur
813 666 855 699 vt
870 664 1000 700 concio
1016 664 1064 700 ad
1077 664 1217 700 clerum
1231 664 1278 700 ad
1295 675 1411 711 quam
1427 668 1579 701 tenetur
1591 665 1768 711 magister
1785 664 1915 700 Horne

462 722 609 757 racione
624 721 762 768 gradus
778 721 1110 759 bacchalaureatus
1127 723 1166 759 in
1182 723 1369 770 theologia
1385 725 1549 770 suscepti
1571 724 1710 760 mutari
1732 723 1852 770 possit
1875 723 1914 758 in

461 793 526 816 sex
541 780 590 816 ad
605 781 788 828 populum
804 793 871 828 per
885 793 973 817 eum
996 782 1035 818 in
1052 783 1204 829 propria
1220 794 1380 829 persona
1401 783 1645 830 perficiendas
1666 787 1755 819 ante
1773 782 1916 819 Pascha

462 839 674 886 proximum
691 839 731 875 in
747 839 817 875 hac
834 839 1080 876 vniversitate

369 899 468 934 Item
492 898 712 934 comeditur
736 899 917 945 magistro
949 899 1122 947 Aylonde
1145 903 1188 935 vt
1212 899 1382 936 studium
1407 903 1430 937 6
1457 911 1641 936 annorum
1666 900 1706 937 in
1730 899 1917 946 theologia

462 960 663 1004 postquam
688 957 826 993 rexerit
850 957 890 993 in
922 957 1070 994 artibus
1093 969 1181 994 cum
1208 957 1356 994 duabus
1381 958 1680 1005 oppositionibus
1704 963 1793 995 ante
1817 970 1915 994 com-

463 1016 572 1051 mitia
586 1020 627 1052 et
648 1016 759 1052 vnica
777 1017 1018 1064 responsione
1039 1028 1114 1054 vna
1135 1028 1223 1053 cum
1244 1016 1329 1052 aliis
1347 1017 1534 1053 exercitiis
1558 1029 1625 1064 per
1648 1020 1795 1054 statuta
1816 1017 1917 1064 regia

462 1074 654 1121 requisitis
663 1075 759 1110 citra
771 1074 911 1110 festum
925 1075 1066 1111 Pasche
1078 1075 1291 1123 proximum
1301 1074 1372 1110 sub
1383 1086 1480 1122 pena
1492 1075 1680 1111 caucionis
1690 1075 1734 1112 v¹¹
1747 1075 1917 1123 ponende

462 1134 501 1169 in
527 1133 702 1169 manibus
726 1138 1012 1180 procuratorum
1040 1137 1246 1181 antequam
1272 1134 1501 1171 admittatur
1527 1135 1693 1171 sufficiat
1718 1135 1752 1171 ei
1778 1135 1827 1171 ad
1853 1147 1916 1182 op-

149 1198 224 1230 Non
241 1200 293 1230 est
460 1191 677 1239 ponendum
705 1195 746 1228 et
769 1192 990 1228 intrandum
1019 1193 1059 1228 in
1083 1192 1270 1239 theologia
1319 1192 1381 1228 Ita
1405 1193 1507 1239 quod
1531 1192 1668 1230 habeat
1694 1205 1806 1230 vnam
1831 1205 1917 1230 con-

147 1242 323 1292 fldmisssuP
460 1251 606 1286 cionem
630 1250 692 1286 hic
716 1262 841 1287 coram
866 1250 974 1287 vobis
998 1254 1088 1287 ante
1111 1251 1306 1287 commitia
1328 1251 1498 1298 proxima

148 1286 348 1362 ζῗυῗὲξῗ·
370 1310 466 1346 ltom
484 1309 703 1346 conceditur
723 1309 846 1345 eidem
863 1309 950 1346 istis
971 1310 1176 1346 commitiis
1198 1321 1421 1357 oesponsuro
1443 1310 1483 1346 in
1504 1310 1690 1358 theologia
1706 1313 1749 1348 vt
1764 1311 1917 1347 admitti

149 1373 275 1405 minico
293 1373 350 1405 die
462 1369 582 1416 possit
598 1368 647 1404 ad
669 1368 851 1416 placitum
874 1369 970 1405 citra
991 1369 1133 1405 festum
1156 1369 1351 1406 Michaelis
1373 1370 1583 1417 proximum
1606 1375 1645 1406 et
1661 1373 1704 1407 vt
1726 1382 1848 1406 sermo
1869 1370 1918 1406 ad

148 1421 334 1493 Εῧῗξαωω·
461 1439 574 1475 quem
603 1430 755 1464 tenetur
780 1428 876 1464 citra
907 1428 1102 1464 commitia
1127 1429 1344 1475 perficiatur
1375 1432 1461 1475 post
1492 1429 1685 1465 commitis.
1716 1431 1756 1465 et
1787 1432 1915 1466 tamen

461 1490 551 1523 ante
578 1487 717 1523 festum
746 1487 1006 1535 supradictum
1032 1500 1107 1524 non
1132 1488 1309 1524 obstante
1333 1489 1454 1535 gratia
1478 1488 1550 1525 sibi
1583 1490 1765 1536 superiori
1797 1490 1918 1536 gratia

463 1558 636 1583 concessa

203 1844 230 1883 f.
253 1844 304 1882 30
324 1844 351 1882 b
573 1842 725 1885 Gratie
757 1842 875 1885 varie
906 1847 953 1885 et
983 1841 1149 1884 nullam
1181 1842 1363 1884 formam
1395 1846 1703 1884 concernentes

370 1973 413 2009 In
433 1974 565 2021 primis
581 1973 799 2011 conceditur
821 1978 863 2011 vt
879 1974 1055 2011 dominus
1078 1974 1389 2021 procancellarius
1411 1986 1486 2010 vna
1508 1986 1593 2011 cum
1617 1973 1920 2022 procuratoribus

461 2037 501 2069 et
526 2033 717 2080 magistris
743 2033 897 2070 Browne
925 2032 1099 2081 Anlabye
1126 2033 1243 2081 Porye
1269 2032 1441 2081 Maptytt
1465 2035 1504 2069 et
1532 2033 1730 2070 Sherwood
1755 2033 1921 2069 habeant

463 2097 626 2128 vestram
639 2092 909 2129 authoritatem
927 2092 1088 2129 adeundi
1099 2095 1138 2129 et
1150 2091 1371 2139 inspiciendi
1385 2091 1537 2128 domum
1550 2091 1739 2138 quandam
1755 2098 1917 2128 vestram

465 2151 503 2187 in
529 2151 705 2199 parochia
729 2152 929 2189 Trinitatis
953 2153 1135 2189 situatam
1157 2152 1316 2188 laceram
1339 2151 1542 2188 admodum
1565 2155 1604 2188 et
1628 2151 1748 2188 indies
1769 2152 1918 2188 ruinam

464 2210 706 2247 minitantem
723 2214 763 2247 et
779 2214 861 2247 tum
884 2210 1036 2248 demum
1056 2210 1113 2247 vel
1135 2210 1351 2247 achademie
1373 2210 1555 2258 impensis
1577 2210 1773 2257 reparandi
1798 2210 1854 2247 vel
1881 2211 1919 2247 in

464 2281 583 2306 annos
599 2270 740 2306 multos
756 2269 814 2306 vel
831 2281 970 2318 paucos
986 2269 1152 2306 elocandi
1172 2269 1209 2306 in
1229 2281 1337 2306 vsum
1355 2269 1454 2306 dicte
1476 2269 1692 2306 achademie
1741 2270 1802 2306 Sic
1819 2269 1918 2317 quod

464 2328 556 2376 quid
580 2328 631 2365 hii
656 2329 713 2365 vel
737 2328 870 2365 horum
895 2330 1014 2366 maior
1038 2341 1125 2377 pars
1149 2329 1357 2366 decreuerit
1381 2332 1547 2365 vestrum
1573 2329 1742 2365 omnium
1768 2329 1920 2365 nomine

466 2392 592 2424 ratum
611 2387 795 2424 habeatur

373 2447 470 2484 Item
497 2446 715 2483 conceditur
740 2451 782 2483 vt
805 2446 981 2484 dominus
1009 2446 1320 2495 procancellarius
1352 2446 1483 2483 doctor
1510 2447 1648 2483 Parker
1675 2450 1714 2483 et
1743 2446 1921 2494 magister

465 2504 641 2543 Grendall
659 2504 824 2542 habeant
838 2509 1001 2541 vestram
1015 2504 1286 2542 authoritatem
1302 2504 1521 2553 inspiciendi
1539 2509 1578 2542 et
1591 2504 1787 2542 ordinandi
1805 2505 1920 2542 cistas

464 2563 680 2601 achademie
697 2567 849 2612 propter
865 2563 1177 2611 indempnitatem
1196 2564 1397 2601 earundem

373 2625 468 2662 Item
486 2623 703 2661 conceditur
720 2626 762 2660 vt
777 2623 812 2660 J.
833 2623 1030 2660 Emanuell
1052 2623 1260 2660 Tremelius
1283 2623 1342 2661 hic
1359 2623 1458 2672 apud
1477 2635 1542 2661 vos
1560 2623 1745 2671 professor
1761 2622 1920 2661 hebreus

464 2685 504 2718 et
521 2681 559 2717 in
576 2692 679 2717 sacre
694 2680 880 2728 scripture
897 2679 1055 2717 lectione
1072 2680 1304 2728 aliquamdiu
1319 2686 1490 2717 versatus
1509 2681 1629 2727 possit
1646 2684 1770 2717 vestra
1786 2680 1918 2717 autho-

465 2741 578 2777 ritate
602 2745 642 2777 et
666 2739 926 2777 benevolentia
954 2739 1068 2777 libere
1094 2739 1289 2788 disputare
1323 2738 1544 2787 respondere
1575 2742 1615 2775 et
1644 2738 1717 2775 alia
1743 2739 1920 2775 exercitia

465 2798 672 2847 theologica
702 2799 982 2836 exercitationis
1015 2798 1138 2846 gratia
1179 2797 1327 2847 publice
1366 2797 1465 2834 inter
1502 2796 1691 2844 theologos
1725 2808 1790 2844 per
1822 2797 1921 2834 vices

465 2862 627 2895 tractare

373 2918 476 2955 idem
495 2916 678 2953 veriuitim
695 2927 910 2953 conmissum
928 2920 987 2953 eut
1002 2916 1155 2953 domino
1172 2916 1340 2953 Antonio
1356 2914 1563 2952 cavallon-io
