2002 3236
194 175 412 234 1545-46]
774 185 926 218 Gnaei-3
955 185 1079 218 Boon
1112 187 1140 218 Δ
1687 176 1743 218 33

193 288 293 326 Item
317 289 534 326 conceditur
556 289 710 326 domino
734 288 1034 337 Benyngworthe
1059 290 1102 324 vt
1130 299 1266 325 novem
1294 288 1447 324 termini
1477 290 1564 336 post
1592 287 1743 324 finalem

285 347 367 384 eius
382 347 734 385 determinationem
756 347 797 384 in
819 347 958 396 quibus
974 347 1154 384 lectiones
1170 346 1379 384 ordinarias
1394 347 1543 384 audiuit
1562 347 1651 383 licet
1667 359 1743 383 non

286 407 439 443 omnino
470 405 678 444 secundum
710 406 870 443 formam
902 406 1040 443 statuti
1068 417 1155 443 cum
1185 405 1308 443 tribus
1336 406 1642 454 responsionibus
1667 406 1743 443 suf·

286 466 415 503 ficiant
438 466 473 503 ei
497 466 545 502 ad
570 466 828 514 incipiendum
853 466 893 502 in
917 465 1064 502 artibus

192 525 334 562 Eadem
358 525 480 573 gratia
502 525 549 562 de
573 524 687 562 verbo
711 525 751 562 in
777 525 932 562 verbum
956 525 1175 562 conceditur
1197 524 1350 562 domino
1374 524 1650 573 Aynysworthe

193 584 292 620 Item
316 583 533 621 conceditur
557 584 710 621 domino
741 584 944 621 Ruddocke
969 588 1011 621 vt
1037 596 1171 621 novem
1196 583 1348 621 termini
1376 587 1463 632 post
1488 583 1638 620 finalem
1663 583 1745 620 eius

285 643 638 680 determinationem
660 644 701 680 in
722 643 861 692 quibus
882 644 1062 681 lectiones
1083 643 1292 680 ordinarias
1315 642 1465 679 audiuit
1481 654 1548 691 per
1564 642 1744 679 maiorem

285 706 432 750 partem
459 703 498 739 in
527 706 608 740 toto
637 715 725 740 cum
752 702 900 740 duabus
929 702 1234 751 responsionibus
1263 706 1302 738 et
1328 704 1403 738 vna
1428 701 1634 737 variatione
1666 701 1743 737 suf-

285 762 413 798 ficiant
437 762 471 799 ei
495 761 543 799 ad
568 762 824 810 incipiendum
848 762 888 798 in
912 761 1059 798 artibus

191 821 291 858 Item
319 821 537 859 conceditur
563 821 717 859 domino
744 822 895 869 Sugden
924 826 967 858 vt
1002 825 1046 858 12
1075 821 1228 858 termini
1255 820 1325 857 hac
1354 820 1393 856 in
1425 819 1671 856 vniuersitate
1703 819 1743 856 in

284 880 422 929 quibus
443 881 621 918 lectiones
642 881 850 918 ordinarias
871 881 1020 918 audiuit
1041 893 1108 929 per
1129 881 1309 918 maiorem
1331 883 1479 928 partem
1502 879 1542 915 in
1559 881 1641 915 toto
1656 890 1743 915 cum

284 941 368 977 aliis
395 943 439 977 12
462 942 604 989 partim
629 941 784 978 Oxoniis
808 941 949 988 partim
974 939 1064 977 alibi
1089 940 1215 988 pueris
1239 939 1455 976 erudiendis
1482 951 1568 975 cum
1596 938 1744 975 duabus

283 1000 587 1048 responsionibus
603 1004 692 1037 ante
708 1001 902 1037 commitia
918 1001 1088 1048 proxima
1104 1004 1145 1036 et
1158 1011 1231 1036 vna
1244 999 1452 1036 variatione
1464 1010 1564 1035 anno
1576 999 1745 1047 proximo

284 1060 473 1096 sufficiant
488 1060 522 1096 ei
539 1059 587 1096 ad
605 1059 863 1107 incipiendum
880 1060 919 1096 in
936 1059 1084 1096 artibus

192 1119 290 1155 Item
315 1119 532 1156 conceditur
555 1118 708 1156 domino
733 1119 868 1167 Tayler
891 1123 934 1156 vt
958 1131 1022 1156 sex
1047 1119 1200 1155 termini
1230 1122 1317 1166 post
1342 1118 1492 1154 finalem
1517 1118 1599 1154 eius
1622 1117 1743 1155 deter-

285 1178 530 1215 minationem
568 1179 607 1215 in
639 1177 778 1226 quibus
815 1178 994 1215 lectiones
1034 1177 1242 1214 ordinarias
1278 1176 1428 1214 audiuit
1461 1188 1527 1225 per
1565 1177 1744 1213 maiorem

286 1240 431 1285 partem
457 1238 496 1274 in
521 1240 602 1274 toto
625 1249 712 1274 cum
737 1236 859 1273 tribus
883 1235 1190 1284 responsionibus
1213 1236 1402 1272 sufficiant
1428 1235 1462 1272 ei
1492 1235 1540 1272 ad
1565 1235 1743 1283 incipien-

284 1296 376 1333 dum
401 1297 440 1333 in
464 1295 611 1333 artibus

190 1354 332 1392 Eadem
348 1355 470 1403 gratia
485 1355 532 1392 de
545 1355 657 1392 verbo
674 1356 713 1392 in
727 1354 883 1392 verbum
899 1354 1119 1391 conceditur
1133 1354 1297 1391 dominis
1314 1353 1490 1391 Godsali'e
1505 1353 1744 1390 Huddleston

283 1417 324 1451 et
347 1414 442 1451 Yale

192 1473 291 1510 Item
321 1474 538 1510 conceditur
568 1473 721 1510 domino
753 1474 929 1521 Vyncent
963 1476 1005 1508 vt
1042 1471 1213 1509 studium
1247 1474 1267 1510 7
1302 1483 1487 1508 annorum
1524 1472 1563 1508 in
1596 1471 1745 1508 artibus

284 1532 324 1569 in
352 1532 490 1580 quibus
518 1532 696 1570 lectiones
723 1532 932 1569 ordinarias
957 1530 1106 1568 audiuit
1130 1531 1219 1566 licet
1248 1543 1323 1567 non
1349 1531 1503 1567 omnino
1535 1530 1743 1569 secundum

284 1592 443 1629 formam
472 1593 609 1629 statuti
642 1604 729 1629 cum
763 1590 886 1628 tribus
918 1590 1224 1639 responsionibus
1257 1590 1446 1627 sufficiant
1472 1591 1505 1627 ei
1534 1591 1583 1627 ad
1612 1590 1743 1638 incipi·

284 1650 423 1688 endum
448 1652 488 1688 in
512 1651 659 1688 artibus
706 1651 760 1687 sic
785 1650 886 1698 quod
909 1650 1032 1686 solvat
1057 1649 1297 1686 vniuersitati
1322 1649 1456 1696 viginti
1482 1650 1621 1686 solidos

191 1710 290 1747 Item
312 1710 530 1747 conceditur
550 1710 671 1747 eidem
688 1713 731 1746 vt
751 1710 943 1757 responsio
968 1708 1227 1757 philosophica
1249 1708 1363 1744 tertia
1385 1707 1433 1744 ad
1455 1720 1570 1756 quam
1591 1712 1744 1745 tenetur

285 1769 430 1806 ratione
446 1769 584 1816 gradus
606 1769 811 1816 magisterii
835 1768 874 1804 in
896 1767 1044 1804 artibus
1067 1767 1296 1814 suscipiendi
1315 1767 1424 1813 (duas
1440 1767 1542 1803 enim
1560 1767 1742 1804 hactenus

284 1827 413 1875 habet)
440 1828 580 1864 mutari
602 1828 723 1875 possit
744 1828 784 1864 in
802 1827 1047 1863 variationem
1070 1838 1170 1862 anno
1195 1826 1364 1874 proximo
1387 1827 1568 1874 quoniam
1589 1829 1743 1874 propter

284 1888 388 1925 varia
408 1891 448 1924 et
470 1888 641 1935 vrgentia
661 1899 735 1935 que
758 1886 872 1924 habet
894 1886 1047 1934 negocia
1068 1886 1146 1923 ruri
1168 1886 1344 1934 desperat
1365 1897 1406 1922 se
1428 1886 1567 1922 iterum
1589 1897 1740 1933 respon-

284 1960 414 1985 surum
439 1951 528 1984 ante
552 1947 748 1984 commicia

191 2007 290 2044 Item
307 2006 523 2044 conceditur
545 2006 709 2043 Roberto
726 2007 877 2043 Manere
899 2006 1033 2042 rectori
1050 2005 1203 2042 ecclesie
1220 2005 1444 2053 parochialis
1460 2004 1507 2042 de
1524 2005 1681 2041 Watton
1699 2009 1741 2042 vt

284 2065 454 2102 studium
485 2068 649 2113 quatuor
679 2077 866 2102 annorum
895 2065 934 2101 in
962 2065 1034 2102 hac
1059 2064 1305 2101 vniuersitate
1330 2067 1416 2111 post
1442 2063 1650 2100 multorum
1675 2076 1740 2100 an-

283 2135 417 2160 norum
441 2123 610 2160 studium
633 2123 734 2171 quod
755 2123 890 2160 habuit
914 2122 1004 2159 alibi
1030 2126 1114 2159 tum
1139 2123 1178 2158 in
1203 2122 1323 2158 literis
1346 2122 1632 2158 humanioribus
1654 2126 1739 2158 tum

283 2183 399 2219 etiam
421 2183 461 2220 in
483 2183 600 2220 sacris
624 2183 743 2220 literis
764 2183 907 2231 passim
931 2181 1086 2219 verbum
1106 2182 1175 2218 Dei
1200 2181 1426 2230 predicando
1447 2182 1610 2218 sufficiat
1631 2182 1665 2218 ei
1690 2182 1738 2218 ad

284 2241 540 2289 incipiendum
562 2242 601 2278 in
617 2241 764 2278 artibus
811 2241 867 2277 ita
889 2240 990 2288 quod
1014 2241 1096 2276 eius
1120 2240 1281 2276 eruditio
1297 2240 1532 2276 examinetur
1546 2244 1586 2277 et
1604 2252 1737 2288 appro—

285 2300 395 2337 betur
410 2312 476 2348 per
492 2301 691 2347 magistros
708 2300 792 2347 (sic)
810 2299 1027 2348 Thompson
1044 2299 1142 2335 Aule
1166 2298 1275 2336 Clare
1290 2302 1330 2335 et
1353 2299 1550 2347 magistros
1574 2299 1737 2336 Haddon

284 2363 324 2397 et
345 2360 475 2407 Yonge
495 2363 536 2397 et
558 2360 638 2396 vice
654 2360 940 2407 responsionum
960 2359 1083 2395 solvat
1106 2358 1347 2395 vniuersitati
1369 2358 1453 2406 xxvj
1466 2370 1485 2394 s
1510 2358 1574 2406 viij
1586 2358 1611 2395 d
1632 2362 1737 2396 ante-

283 2431 399 2467 quam
422 2419 651 2455 admittatur

190 2518 288 2554 Item
305 2516 522 2553 coneeditur
537 2516 680 2552 Thome
698 2516 831 2552 Donell
847 2516 909 2552 hic
925 2514 1027 2562 apud
1043 2526 1110 2551 vos
1126 2515 1166 2550 in
1183 2514 1330 2551 artibus
1352 2514 1620 2550 bacchalaureo
1635 2518 1675 2551 et
1697 2515 1736 2551 in
1755 2507 1783 2548 f.
1809 2509 1857 2547 15
1870 2521 1896 2546 a

282 2576 422 2613 eisdem
440 2576 595 2614 Oxoniis
616 2575 796 2623 magistro
818 2579 861 2612 vt
883 2575 1003 2623 possit
1024 2574 1086 2610 hic
1102 2586 1183 2611 esse
1206 2574 1245 2610 in
1261 2573 1392 2610 eodem
1413 2573 1532 2620 gradu
1548 2576 1588 2610 et
1607 2573 1736 2611 ordine

282 2647 357 2683 quo
373 2638 432 2672 est
449 2635 603 2672 Oxoniis

297 2970 331 2997 ι.
354 2971 408 2997 ιν.
1602 2959 1626 2998 3
