2008 3216
0 31 11 488 <um
7 139 9 148 ⁴
4 0 11 32 2-

214 128 434 183 1560-61]
793 138 944 170 cimon
974 138 1098 170 Βοοκ
1130 138 1160 169 Δ
1678 126 1760 171 147

211 240 351 276 Eadem
384 243 505 288 gratia
538 242 586 279 de
619 242 731 278 verbo
764 243 804 278 in
837 242 993 279 verbum
1027 242 1244 278 conceditur
1282 245 1326 278 13
1360 242 1576 278 Decembris
1608 243 1760 279 domino

307 301 464 348 Bungay

211 358 352 395 Eadem
369 360 490 406 gratia
507 360 724 396 conceditur
741 361 874 398 vltimo
897 361 1069 397 Januarii
1091 360 1243 397 domino
1265 361 1424 397 Swanne
1440 360 1475 396 d.
1496 361 1592 397 Huit
1608 361 1760 398 domino

307 417 446 464 Cragge
463 419 498 454 d.
518 419 645 466 Ellyse
661 419 696 456 d.
716 419 941 456 Chatterton

211 475 352 512 Eadem
384 478 506 524 gratia
533 479 751 515 conceditur
781 482 826 515 14
852 479 1046 515 Februarii
1072 479 1107 515 d.
1142 478 1335 515 Adamson
1365 479 1400 515 d.
1430 479 1513 526 Key
1541 479 1576 515 d.
1606 479 1760 527 Randys

304 536 339 573 d.
369 537 498 584 Mayer
521 537 556 574 d.
584 538 707 574 Cooke
732 538 800 586 [d.]
826 538 1061 586 Stephenson

208 594 349 631 Eadem
366 596 486 642 gratia
502 595 548 632 de
565 596 678 632 verbo
694 597 734 632 in
752 597 906 633 verbum
923 596 1142 633 conceditur
1159 599 1204 632 28
1220 597 1348 633 Martii
1366 597 1400 632 d.
1419 597 1545 632 Smith
1562 596 1597 633 d.
1617 597 1758 633 Gravet

210 653 350 690 Eadem
367 654 488 700 gratia
505 655 721 691 conceditur
740 658 784 692 18
796 656 940 703 Aprilis
956 656 992 692 d.
1007 656 1115 692 West
1131 656 1165 693 d.
1187 656 1319 692 Rudde
1332 656 1366 692 d.
1383 656 1528 692 Lacoke
1540 656 1575 692 d.
1590 656 1756 692 Neusam

301 712 336 749 d.
355 713 552 759 Bynghem
568 713 602 749 d.
623 714 868 750 Sawnderson
886 714 920 750 d.
942 715 1111 750 Redman
1129 715 1164 752 d.
1184 714 1356 761 Whalley

207 770 347 806 Eadem
366 771 487 817 gratia
502 771 719 808 conceditur
736 776 758 808 6
777 773 868 808 Maii
882 773 916 809 d.
937 773 1098 820 Wyntor
1113 773 1148 809 d.
1169 773 1274 809 Crier
1283 772 1318 810 d.
1337 773 1496 808 Downes
1512 773 1547 809 d.
1564 773 1755 821 Dawbney

300 829 334 867 d.
356 830 503 878 Lynsey

205 887 346 924 Eadem
364 889 485 935 gratia
501 890 719 927 conceditur
735 893 758 927 6
774 890 797 926 J
801 891 880 926 unii
897 891 933 928 d.
953 890 1094 927 Gervas

205 991 432 1028 Conceditur
459 995 482 1029 6
508 993 598 1028 Maii
625 993 715 1029 Tho.
745 993 971 1040 Wynckfyld
997 997 1039 1030 vt
1063 994 1233 1030 studium
1262 998 1306 1030 10
1329 1006 1514 1030 annorum
1543 995 1582 1030 in
1607 995 1754 1032 artibus
1771 999 1796 1037 f,
1820 999 1872 1038 60
1887 1013 1911 1037 a

299 1051 436 1098 partim
466 1051 504 1087 in
538 1052 801 1087 transmarinis
826 1051 1055 1088 achademiis
1084 1053 1224 1099 partim
1252 1053 1291 1088 in
1316 1053 1386 1089 hec
1411 1056 1540 1089 nostra
1565 1066 1638 1090 vna
1667 1066 1752 1090 cum

299 1109 420 1146 tribus
449 1109 753 1157 responsionibus
786 1114 825 1146 et
849 1110 933 1146 aliis
965 1111 1151 1147 exercitiis
1176 1123 1243 1158 per
1266 1112 1367 1158 regia
1391 1114 1538 1148 statuta
1562 1113 1754 1159 requisitis

297 1167 485 1204 sufficiant
509 1168 543 1204 ei
568 1168 615 1204 ad
639 1168 895 1215 incipiendum
919 1168 959 1204 in
983 1168 1130 1205 artibus

203 1227 286 1263 Vna
307 1238 391 1262 cum
415 1227 475 1263 his
497 1227 637 1275 incepit
658 1239 703 1263 ex
725 1227 877 1274 collegio
900 1228 1015 1274 Regio
1037 1229 1097 1264 cui
1121 1228 1224 1265 nulla
1245 1229 1368 1276 gratia
1391 1229 1511 1277 petita
1533 1242 1654 1277 neque
1678 1230 1751 1267 dis·

295 1285 466 1334 pensatio
489 1298 664 1324 concessa
687 1285 864 1323 dominus
890 1287 1048 1324 Preston

633 1485 751 1528 Ordo
782 1484 1050 1528 senioritatis
1081 1484 1318 1528 eorundem

338 1617 394 1652 Mr
411 1616 637 1653 Ohatterton
783 1617 839 1652 Mr
854 1616 1013 1664 Smythe
1031 1616 1104 1663 (O.)
1327 1616 1383 1652 M*
1401 1615 1533 1652 Rudde

342 1676 397 1712 Μιρ
413 1676 529 1724 Cryer
786 1676 841 1712 M*
859 1676 958 1712 Huit
1326 1675 1382 1711 Mr
1398 1674 1643 1711 Sawnderson

339 1736 394 1772 M¹'
410 1735 602 1772 Adamson
785 1735 841 1771 Μ’
858 1735 1017 1770 Downes
1329 1734 1384 1769 Μ’
1401 1733 1584 1781 Daubney

339 1795 395 1831 Μ’
412 1795 568 1831 Preston
784 1794 840 1832 Mr
856 1793 996 1840 Cragge
1015 1793 1144 1840 Regin.
1327 1793 1383 1828 Μ’
1402 1792 1597 1840 Byngham

338 1853 394 1889 M¹r
410 1853 515 1900 Ellys
783 1852 839 1888 Μ’·
855 1851 1010 1898 Randys
1325 1851 1381 1886 M?
1397 1850 1568 1887 Redman

339 1912 395 1948 Mr
411 1912 564 1960 Bungey
783 1912 839 1947 Mr
856 1911 1021 1947 Lacocke
1324 1910 1380 1946 Mt
1397 1910 1528 1957 Mayer

340 1972 395 2008 Μιρ
411 1972 552 2008 Gravet
784 1971 840 2006 M*
856 1971 1005 2018 Lynsey
1324 1969 1380 2005 Μ’
1397 1969 1503 2005 West

338 2031 393 2067 M¹r
410 2031 566 2078 Murgan
781 2030 836 2066 M*
853 2030 1012 2076 Wynter
1323 2028 1378 2064 Μ’
1395 2028 1431 2064 N
1433 2040 1570 2064 ewsam

340 2090 395 2126 Mr
411 2090 569 2126 Swanne
783 2089 839 2125 M*
856 2088 1093 2135 Stephenson
1324 2087 1380 2123 Μ’
1398 2086 1568 2134 Whalley

338 2150 394 2186 Μ’Γ
410 2149 636 2197 Wynckfyld
783 2149 838 2184 Μ’
855 2148 939 2196 Key
1325 2147 1381 2183 M¹
1397 2147 1521 2183 Cooke

339 2209 395 2244 M*
411 2208 554 2244 Gervas

473 2427 770 2470 Praeticantes
800 2426 846 2468 in
879 2426 1095 2469 medicina
1124 2426 1216 2469 sive
1246 2425 1465 2483 chirurgia.

197 2551 423 2588 Conceditur
441 2555 486 2588 10
503 2551 677 2588 Octobris
693 2552 882 2588 Willelmo
899 2551 1062 2588 Tomson
1081 2555 1124 2588 vt
1139 2552 1310 2588 studium
1326 2555 1366 2588 et
1388 2552 1509 2588 multa
1525 2552 1691 2599 practica
1707 2552 1746 2588 in

289 2610 478 2658 chirurgia
494 2611 656 2647 sufficiat
678 2611 712 2646 ei
735 2610 783 2647 ad
806 2610 1091 2658 practicandum
1116 2611 1156 2646 in
1180 2610 1310 2647 eadem
1336 2611 1390 2646 sic
1413 2614 1455 2647 vt
1479 2611 1560 2646 eius
1582 2611 1746 2658 cognitio

290 2669 394 2716 prius
410 2669 638 2717 approbetur
654 2682 721 2717 per
742 2670 912 2706 doctores
929 2670 1082 2706 Walker
1103 2674 1143 2706 et
1163 2669 1319 2706 Bounde
1340 2673 1380 2706 et
1402 2669 1550 2716 publice
1571 2669 1611 2705 in
1632 2670 1744 2716 plena

289 2728 570 2775 congregatione
608 2728 819 2774 regentium
854 2739 922 2775 per
953 2739 1071 2764 vnum
1103 2739 1232 2763 eorum
1264 2730 1503 2774 presentetur
1534 2730 1573 2763 et
1605 2726 1744 2770 hebeat

289 2785 418 2822 literas
446 2786 559 2833 hujus
585 2789 708 2822 vestre
737 2786 985 2822 concessionis
1011 2785 1194 2832 sigillatas
1222 2785 1343 2832 sigillo
1369 2786 1560 2822 communi
1658 2787 1742 2822 Pre-

290 2848 461 2881 sentatus
485 2857 552 2892 per
575 2845 766 2881 doctorem
791 2844 947 2880 Bounde

1503 2910 1634 2948 10—2
