2008 3294
129 228 347 283 1588-89]
710 238 862 270 emon
893 238 1017 270 BOOK
1049 237 1078 268 Δ
1585 228 1669 270 435

122 343 272 380 Ballard
404 345 493 381 Ben.
641 345 757 392 Parys
921 345 1018 380 Petr.
1155 343 1339 379 Wadeson

122 401 224 449 Gray
403 404 481 440 Pet.
639 403 790 449 Brigges
919 402 978 438 Jo.
1157 401 1321 448 Brigdall
1353 349 1368 440 i
1438 371 1527 407 ΚΜ·

122 460 230 496 Pratt
403 461 488 499 Chr.
638 461 786 497 Bankes
918 460 1006 496 Ben.
1154 459 1341 496 Chalenor
1435 459 1511 495 Tri.

120 519 145 554 J
146 531 258 556 acson
401 521 475 556 Tri.
637 520 793 556 Huffam
1156 519 1307 554 Hutton
1437 518 1525 554 Kat.

120 578 278 626 Tuneby
401 579 486 616 Chr.
637 578 779 614 Wilson
803 524 818 618 ξ
919 549 976 584 '1⁰'
1155 578 1309 614 Emmot
1438 577 1540 624 Regi.

121 638 274 675 Lounde
401 639 486 676 Chr.
636 637 777 674 Barber
917 637 970 674 Cl.
1155 636 1410 674 Waterhowse
1437 636 1545 673 Clare

119 697 143 732 J
145 698 270 734 ackler
402 698 502 744 Regi.
636 697 795 732 Watson
919 697 1006 733 Pem
1011 696 1044 734 b.
1155 697 1254 732 Evot
1395 711 1397 714 ·

120 756 254 803 Awger
401 757 444 794 G.
463 756 494 792 &
510 756 550 792 C.
637 754 849 800 Howghton
917 754 1022 790 Ema.
1153 754 1350 791 Greennell

121 814 383 852 Homberston.
401 815 489 851 Ben.
635 812 753 849 Wood
918 814 1019 860 Regi.
1153 813 1189 849 N
1192 825 1376 849 ewcomen
1437 814 1525 850 Ben.

121 874 246 921 Payne
255 878 270 966 ἰ
402 902 454 938 Ol·
636 872 794 908 Newton
917 872 991 908 Tri.
1155 872 1280 919 Payne

121 931 243 979 Kirby
447 914 508 938 ΜΘ
635 929 780 966 Cobbes
919 930 1027 967 Clare
1155 931 1343 967 Cocktnan

119 991 250 1027 Amies
400 991 488 1026 Ben.
635 989 882 1082 Gelsthorpe}
919 1019 982 1055 Tri
1155 988 1336 1025 Haworth
1432 989 1508 1024 Cla.

119 1050 246 1087 Crowe
401 1049 433 1098 [2
443 1048 564 1097 Trin.]
635 1048 787 1096 Vpcher
985 1047 994 1056 ⁰
1155 1048 1307 1095 Harvye
1436 1049 1540 1085 Ema.

119 1109 238 1146 Wood
398 1108 421 1144 J
425 1120 473 1144 es-
635 1107 791 1142 Preston
917 1107 1004 1143 Kat.
1153 1106 1285 1154 Otway
1435 1107 1521 1143 Chr.

118 1168 280 1205 Sanders
399 1167 422 1203 J
425 1179 456 1203 ο.
635 1166 808 1213 Maslyne
916 1166 991 1202 Tri.

578 1439 874 1483 Practicantes
907 1439 953 1482 in
986 1439 1204 1483 medicina

117 1569 345 1606 Conceditur
363 1572 406 1604 15
425 1567 555 1604 Martii
578 1566 743 1604 Roberto
760 1566 920 1603 Watson
937 1570 980 1603 vt
996 1566 1167 1604 studium
1185 1570 1207 1603 4
1224 1578 1409 1603 annorum
1426 1566 1465 1603 in
1484 1566 1668 1604 medicina.

211 1632 297 1676 post
319 1627 477 1675 gradum
500 1627 835 1664 bacchalaureatus
852 1631 1070 1674 susceptum
1087 1627 1250 1663 sufficiat
1265 1627 1299 1662 ei
1316 1626 1364 1663 ad
1381 1626 1667 1674 practicandum

211 1689 251 1724 in
275 1688 405 1724 eadem
429 1687 609 1724 facultate
634 1687 689 1723 ita
713 1692 756 1723 vt
783 1687 864 1723 eius
892 1687 1057 1723 eruditio
1085 1689 1124 1723 et
1152 1687 1316 1732 cognitio
1344 1686 1574 1734 approbetur
1601 1698 1669 1735 per

211 1747 410 1794 magistros
444 1746 615 1782 doctores
652 1746 822 1782 Bari-owe
861 1746 971 1781 Perse
1005 1747 1043 1782 et
1082 1744 1330 1781 Moundeford
1365 1748 1406 1781 et
1439 1757 1506 1792 per
1538 1757 1667 1782 eorum

211 1806 370 1843 alterum
398 1808 636 1853 presentetur
666 1805 819 1841 domino
848 1805 1139 1852 procancellario
1166 1805 1204 1840 in
1232 1808 1366 1841 senatu
1396 1808 1436 1841 et
1461 1817 1574 1852 super
1598 1806 1669 1842 hac

210 1867 335 1900 vestra
350 1863 586 1899 concessione
601 1862 730 1899 literas
747 1861 884 1899 habeat
898 1864 1042 1898 vestras
1059 1861 1332 1898 testimoniales
1347 1861 1529 1908 sigillatas
1542 1865 1668 1898 vestro

210 1922 331 1970 sigillo
347 1922 538 1958 communi

115 1981 343 2018 Conceditur
364 1981 507 2030 [blank]
530 1982 709 2029 magistro
725 1982 922 2018 Anthonio
945 1981 1107 2017 Hunton
1124 1985 1166 2017 vt
1186 1980 1358 2017 studium
1380 1980 1467 2028 iiijor
1481 1992 1666 2017 annorum

209 2041 249 2076 in
271 2040 457 2076 medicina
479 2044 680 2088 postquam
703 2041 840 2077 rexerit
859 2041 899 2076 in
919 2039 1067 2076 artibus
1083 2040 1246 2076 sufficiat
1262 2040 1295 2076 ei
1314 2040 1362 2076 ad
1380 2040 1665 2087 practicandum

210 2101 249 2136 in
278 2100 408 2137 eadem
437 2100 617 2136 facultate
645 2101 700 2137 ita
726 2104 768 2136 vt
794 2101 876 2136 eius
902 2099 1065 2136 eruditio
1091 2102 1131 2136 et
1156 2100 1320 2147 cognitio
1346 2099 1576 2147 approbetur
1601 2112 1668 2147 per

209 2158 440 2195 venerabiles
457 2159 556 2194 viros
579 2159 802 2206 magistrum
824 2159 1017 2196 doctorem
1036 2158 1173 2195 wardo
1195 2161 1235 2195 et
1258 2159 1481 2206 magistrum
1498 2158 1533 2195 d.
1555 2159 1664 2195 Perse

209 2221 249 2253 et
274 2228 339 2264 per
362 2228 491 2252 eorum
517 2217 679 2253 alterum
706 2220 946 2264 presentetur
969 2217 1121 2253 domino
1147 2216 1436 2264 procancellario
1462 2217 1501 2252 in
1528 2220 1664 2253 senatu

210 2276 261 2311 Et
280 2286 393 2322 super
414 2275 483 2311 hac
504 2275 740 2311 concessione
763 2278 888 2311 vestra
909 2275 1039 2312 literas
1061 2275 1199 2312 habeat
1221 2280 1367 2312 vestras
1389 2276 1664 2312 testimoniales

210 2333 394 2381 sigillatas
418 2336 543 2370 vestro
568 2334 689 2381 sigillo
711 2335 902 2371 communi

647 2611 809 2654 Doctor
839 2612 884 2654 in
918 2612 1134 2655 medicina

113 2753 340 2790 Conceditur
358 2757 402 2789 10
419 2753 593 2790 Octobris
612 2757 704 2790 1588
722 2755 901 2801 magistro
918 2755 1105 2792 Willelmo
1126 2757 1156 2792 F
1157 2756 1293 2792 arbeck
1310 2759 1352 2792 vt
1371 2756 1542 2792 studium
1559 2758 1580 2793 7
1598 2767 1678 2791 an-.

208 2824 342 2848 norum
366 2812 407 2848 in
431 2811 617 2848 medicina
638 2816 842 2860 postquam
864 2814 1003 2850 rexerit
1024 2815 1064 2850 in
1086 2814 1234 2850 artibus
1255 2826 1343 2850 cum
1364 2814 1664 2862 oppositionibus

208 2871 513 2918 responsionibus
534 2872 743 2919 ceterisque
764 2873 953 2909 exercitiis
975 2885 1043 2920 per
1063 2877 1212 2910 statuta
1234 2875 1335 2921 regia
1354 2873 1547 2920 requisitis
1562 2873 1663 2909 suffi-

207 2930 283 2966 ciat
306 2931 341 2967 ei
365 2930 413 2967 ad
438 2930 694 2978 incipiendum
718 2931 759 2968 in
783 2932 914 2968 eadem
939 2932 1127 2968 medicina

1420 3005 1553 3044 28—2
