2008 3294
324 183 409 228 342
905 187 1056 224 omos
1086 188 1211 224 Boon
1243 191 1272 222 Δ
1649 174 1867 234 [1580-’81

324 299 466 336 Eadem
498 299 619 346 gratia
650 298 867 335 conceditur
899 299 946 334 29
973 296 1147 334 Octobris
1175 295 1355 342 magistro
1384 295 1448 331 W⁰
1474 294 1600 330 Grufit
1670 295 1710 329 11
1742 292 1872 328 Martii

417 358 598 405 magistro
621 357 680 394 Jo.
707 357 819 393 Hunt
891 359 937 392 23
960 356 985 392 J
987 356 1068 392 unii
1093 355 1274 402 magistro
1299 353 1433 400 Egidio
1459 353 1632 389 Fletcher

324 417 552 454 Conceditur
567 419 613 452 23
629 416 653 452 J
656 415 737 452 unii
753 415 934 462 magistro
950 414 1062 451 Amb.
1082 414 1201 450 Forth
1217 416 1260 450 vt
1276 413 1447 449 studium
1465 415 1511 448 10
1526 423 1711 448 annorum
1732 411 1772 447 in
1795 411 1875 447 iure

417 476 517 512 civili
537 479 739 523 postquam
758 475 897 511 rexerit
919 475 959 510 in
981 473 1129 510 artibus
1148 485 1235 509 cum
1257 484 1333 508 vna
1351 472 1592 519 responsione
1611 474 1651 508 et
1671 482 1746 507 vna
1761 482 1874 518 oppo-

418 535 556 573 sitione
572 535 736 571 sufficiat
751 534 785 570 ei
803 533 851 570 ad
868 533 1090 569 intrandum
1106 533 1147 568 in
1164 532 1293 569 eodem
1310 532 1391 568 iure

325 595 553 631 Conceditur
574 597 621 630 26
642 594 734 630 Maii
750 596 794 630 vt
814 593 1041 630 Godefridus
1064 592 1272 628 Fransseus
1294 591 1346 627 sit
1368 591 1430 627 hic
1451 590 1552 637 apud
1572 601 1638 625 vos
1659 589 1699 625 in
1721 589 1875 624 eiisdem

419 653 550 690 ordine
565 665 665 690 anno
681 656 721 689 et
736 652 854 700 gradu
871 651 1010 699 quibus
1026 654 1086 687 est
1101 651 1141 687 in
1158 651 1351 687 academia
1367 650 1566 686 Dovacena

106 717 183 749 vide
194 716 306 758 proxi·
325 712 554 749 Conceditur
586 714 632 750 27
662 712 754 748 Maii
783 711 986 748 Godefrido
1018 711 1226 747 Fransseus
1253 714 1295 746 vt
1328 709 1498 746 studium
1527 710 1548 746 7
1577 719 1761 744 annorum
1789 710 1877 754 post

105 770 203 793 mum

106 804 229 837 {olium

106 857 256 888 sequens

106 891 231 924 adhoc

106 936 245 976 signum

183 988 199 1003 ο

419 771 576 818 gradum
602 770 861 807 bacchalaurei
886 771 926 806 in
951 770 1144 806 academia
1161 771 1360 806 Dovacena
1382 769 1422 804 in
1445 768 1526 804 iure
1542 767 1643 803 civili
1660 778 1745 802 cum
1763 778 1875 813 oppo-

420 830 625 866 sicionibus
665 829 972 877 responsionibus
1012 830 1222 877 ceterisque
1261 828 1449 865 exercitiis
1488 839 1556 875 per
1595 829 1742 863 statuta
1777 826 1878 873 regia

420 889 615 936 requisitis
639 889 802 925 sufficiat
826 889 861 925 ei
885 888 934 925 ad
958 888 1216 935 incipiendum
1240 888 1280 923 in
1305 887 1436 923 eodem
1460 887 1541 923 iure

811 1208 929 1251 Ordo
959 1207 1227 1251 senioritatis
1256 1222 1392 1264 mary.

563 1331 607 1367 D.
627 1331 753 1367 Grufit
997 1330 1041 1367 D.
1062 1329 1179 1365 Forth
1419 1329 1466 1366 D.
1484 1329 1595 1365 Hunt

563 1389 608 1426 D.
627 1389 794 1437 Sutclyff
995 1388 1040 1425 D.
1060 1388 1234 1424 Fletcher
1418 1388 1462 1424 D.
1482 1387 1668 1423 Franseus

785 1684 1095 1728 Bacchalaurei
1126 1683 1169 1727 in
1203 1683 1423 1740 theologia

326 1812 554 1849 Conceditur
577 1815 623 1848 10
638 1811 784 1859 Aprilis
806 1811 987 1858 magistro
1009 1810 1171 1846 Jeremie
1196 1809 1372 1857 Radclyff
1389 1812 1433 1845 vt
1455 1809 1624 1846 studium
1648 1811 1669 1847 7
1691 1821 1876 1846 annorum

421 1873 460 1908 in
485 1883 591 1908 sacra
618 1869 803 1917 theologia
830 1873 1033 1917 postquam
1058 1868 1196 1905 rexerit
1225 1868 1263 1903 in
1291 1867 1437 1904 artibus
1462 1880 1549 1904 cum
1576 1868 1878 1916 opposicionibus

421 1929 726 1978 responsionibus
758 1926 995 1965 sermonibus
1028 1929 1067 1963 et
1095 1927 1182 1963 aliis
1210 1927 1398 1963 exercitiis
1426 1938 1492 1974 per
1519 1930 1666 1964 statuta
1694 1928 1794 1975 regia
1822 1939 1876 1964 re-

421 1988 573 2036 quisitis
604 1987 767 2025 sufficiat
799 1987 833 2024 ei
867 1990 947 2023 tam
980 1986 1027 2022 ad
1061 1985 1327 2033 opponendum
1356 1997 1471 2033 quam
1504 1985 1552 2023 ad
1585 1986 1804 2023 intrandum
1837 1987 1875 2023 in

421 2060 527 2084 sacra
550 2047 739 2094 theologia

328 2107 468 2144 Eadem
501 2106 623 2153 gratia
654 2105 872 2142 conceditur
902 2104 1032 2141 eodem
1067 2103 1248 2150 magistro
1282 2103 1471 2140 Everardo
1504 2103 1649 2152 Digbye
1715 2107 1759 2141 12
1787 2105 1877 2142 Maii

422 2166 603 2212 magistro
636 2165 807 2201 Gilberto
842 2163 1042 2200 Bachowse
1109 2164 1153 2198 13
1183 2162 1273 2198 Maii
1309 2163 1491 2209 magistro
1523 2163 1628 2200 Alex.
1659 2163 1878 2201 Sowthacke

422 2227 469 2261 26
504 2224 593 2260 Maii
629 2224 808 2270 magistro
840 2221 1019 2259 Christos.
1055 2219 1235 2268 Bambrig
1300 2223 1345 2259 27
1377 2221 1468 2258 Maii
1503 2222 1682 2269 magistro
1716 2222 1879 2260 Roberto

424 2283 587 2320 Bendish
620 2287 660 2319 et
692 2282 872 2329 magistro
907 2281 1008 2318 Alex.
1042 2281 1196 2317 Mascall
1228 2285 1268 2317 et
1300 2283 1343 2317 12
1372 2280 1478 2317 Junii
1512 2281 1692 2328 magistro
1726 2282 1878 2329 Hugoni

424 2341 639 2379 Brannbam

810 2651 928 2695 Ordo
960 2651 1226 2696 sonim-itatis
1256 2668 1393 2710 mara.

518 2779 572 2817 M*
590 2778 744 2816 Mucall
935 2776 989 2813 Μ’
1007 2776 1246 2814 Brannaham
1452 2780 1507 2817 Μ’
1524 2780 1701 2829 Bambrig

518 2840 571 2877 M*
590 2838 808 2876 Bsckhouno
935 2837 989 2874 Μ’
1008 2836 1177 2885 Ratolyfl·
1454 2840 1508 2876 Μ’
1527 2840 1658 2887 Digbie

518 2899 570 2935 M·
591 2897 751 2935 uendi-h
934 2895 987 2932 Mr
1003 2896 1216 2934 southa-ko
