2046 3224
161 168 379 223 1549-50]
748 175 900 207 anct:
931 175 1052 206 BOOK
1085 174 1113 205 Δ
1652 162 1705 205 67

159 284 257 320 Item
274 282 490 319 conceditur
505 281 658 318 domino
676 279 865 316 Beamond
883 284 925 315 vt
941 282 964 316 9
982 278 1133 315 termini
1157 280 1243 324 post
1266 276 1415 313 finalem
1432 277 1513 312 eius
1533 276 1708 313 determi-

252 342 444 378 nacionem
468 340 506 376 in
531 339 670 386 quibus
692 339 870 375 lectiones
891 337 1099 374 ordinarias
1120 335 1269 372 audiuit
1293 340 1509 382 ceterasque
1532 335 1708 372 exercita-

252 401 374 437 tiones
397 399 640 436 scholasticas
664 398 870 435 secundum
895 398 1056 434 formam
1081 394 1219 432 statuti
1244 395 1440 442 perfecerit
1463 395 1652 431 sufficiant
1675 394 1709 431 ei

252 458 299 495 ad
325 457 577 505 incipiendum
604 458 643 494 in
667 457 813 494 artibus

159 519 258 555 Item
279 517 494 554 conceditur
515 516 668 553 domino
690 518 795 564 Cony
813 519 855 552 vt
878 527 1011 552 novem
1035 514 1187 551 termini
1211 516 1298 562 post
1320 513 1469 550 finalem
1492 514 1574 550 eius
1590 513 1711 550 deter-

253 577 498 614 minationem
521 576 560 612 in
583 575 722 623 quibus
745 575 923 612 lectiones
945 574 1152 611 ordinarias
1174 572 1324 610 audiuit
1343 576 1559 620 ceterasque
1575 573 1710 609 exerci-

252 637 414 673 tationes
442 634 684 671 scholasticas
710 633 916 670 secundum
943 634 1102 670 formam
1131 632 1269 668 statuti
1299 631 1494 679 perfecerit
1522 631 1712 668 sufficiant

251 697 285 733 ei
312 695 359 732 ad
385 695 640 742 incipiendum
665 695 703 730 in
729 694 876 730 artibus

160 756 375 802 Inceptores
399 753 543 800 collegii
574 753 722 800 Regalis
747 753 818 789 hoc
845 764 946 789 anno
973 751 1118 788 domini
1152 751 1299 798 Boyton
1329 749 1525 796 Gardyner
1553 749 1641 786 0010
1672 754 1712 786 et

254 813 480 860 Broklesbye
505 812 644 860 quibus
669 824 744 849 non
769 813 845 849 fuit
869 823 1044 848 concessa
1068 810 1300 858 dispensatio
1324 812 1393 846 aut
1416 808 1539 856 gratia

636 1083 871 1142 Theologie
902 1082 1240 1126 baechalaureus

161 1208 259 1244 Item
276 1207 492 1244 conceditur
515 1208 694 1254 magistro
717 1207 904 1244 Assheton
922 1210 964 1243 vt
986 1206 1154 1244 studium
1178 1218 1241 1243 sex
1263 1217 1447 1242 annorum
1469 1206 1507 1242 in
1526 1205 1711 1253 theologia

254 1270 456 1314 postquam
478 1266 616 1303 rexerit
639 1266 678 1302 in
699 1265 848 1302 artibus
870 1277 957 1302 cum
979 1263 1215 1302 sermonibus
1237 1264 1536 1312 oppositionibus
1560 1276 1710 1312 respon·

255 1325 424 1362 sionibus
445 1328 484 1362 et
509 1325 593 1361 aliis
617 1325 803 1362 exercitiis
827 1323 1003 1361 omnibus
1027 1336 1101 1371 que
1126 1336 1192 1371 per
1216 1326 1364 1360 statuta
1388 1323 1488 1370 regia
1511 1323 1713 1370 exiguntur

254 1385 292 1421 in
322 1383 472 1432 propria
499 1395 657 1431 persona
681 1395 781 1420 anno
806 1382 975 1430 proximo
1003 1381 1075 1419 sub
1099 1394 1197 1429 pena
1224 1382 1410 1418 cautionis
1442 1394 1505 1418 sex
1530 1382 1711 1419 librarum

255 1500 440 1548 theologia
488 1501 550 1538 Sic
572 1501 672 1549 quod
695 1502 815 1550 possit
836 1501 989 1538 admitti
1014 1505 1054 1538 et
1075 1501 1216 1538 intrare
1241 1501 1279 1537 in
1305 1501 1484 1548 proximis
1508 1501 1712 1538 commitiis

255 1562 294 1596 et
318 1559 491 1597 convivet

731 1833 894 1878 Doctor
924 1834 1139 1892 theologie

165 1958 263 1995 Item
295 1958 512 1996 conceditur
541 1959 695 1996 domino
729 1960 893 1996 Martino
928 1960 1070 1996 Bucero
1103 1964 1145 1997 vt
1177 1961 1258 1997 eius
1290 1961 1491 2008 singularis
1524 1973 1636 2009 opera
1674 1962 1713 1998 in

258 2016 488 2064 explicandis
512 2018 709 2065 scripturis
733 2018 786 2054 illi
812 2018 975 2055 sufficiat
999 2019 1047 2055 ad
1072 2019 1327 2066 incipiendum
1354 2020 1391 2055 in
1418 2019 1604 2067 theologia
1654 2020 1714 2056 Ita

259 2080 303 2112 ut
331 2076 412 2113 eius
438 2076 618 2113 admissio
646 2080 722 2113 stet
752 2088 819 2124 pro
847 2077 1034 2125 completo
1062 2077 1179 2124 gradu
1211 2081 1251 2114 et
1279 2078 1400 2114 forma
1427 2077 1646 2115 doctoratus
1674 2080 1712 2115 in

259 2133 388 2170 eadem
417 2135 596 2171 facultate
626 2147 700 2171 non
729 2134 969 2172 obstantibus
997 2136 1152 2183 reliquis
1179 2136 1515 2174 consuetudinibus
1546 2141 1586 2174 et
1617 2150 1714 2174 cere-

260 2193 397 2230 moniis
424 2206 498 2242 que
526 2195 565 2231 in
594 2194 664 2231 hac
694 2207 734 2232 re
762 2195 885 2232 solent
913 2196 1052 2244 requiri
1082 2197 1151 2233 hoc
1180 2200 1308 2234 tamen
1333 2209 1407 2234 vno
1435 2197 1584 2245 proviso
1608 2200 1653 2234 vt
1675 2198 1713 2235 iu

259 2252 463 2289 commitiis
486 2253 711 2301 respondeat

758 2515 1117 2573 Dispensaciones

167 2632 212 2668 In
230 2633 361 2680 primis
377 2633 594 2670 conceditur
609 2633 752 2671 doctori
770 2635 914 2672 Sandes
931 2639 973 2672 vt
988 2637 1116 2672 concio
1138 2637 1186 2674 ad
1209 2637 1350 2674 clerum
1367 2637 1415 2674 ad
1432 2650 1547 2685 quam
1565 2641 1717 2674 tenetur

259 2690 404 2727 ratione
441 2690 579 2738 gradus
611 2693 774 2758 suscepti
806 2692 947 2730 differri
980 2695 1101 2741 possit
1129 2695 1183 2731 sic
1215 2695 1315 2742 quod
1349 2696 1416 2732 fiat
1448 2696 1543 2732 citra
1576 2696 1714 2767 festum

262 2749 402 2786 Pasche
425 2750 637 2796 proximum
662 2751 744 2788 sine
768 2752 942 2789 vlteriore
965 2752 1147 2790 dilacione

167 2807 267 2845 Item
294 2808 510 2846 conceditur
537 2813 580 2847 vt
608 2812 800 2858 responsio
832 2812 1003 2859 magistri
1034 2812 1204 2850 Laborne
1235 2813 1283 2850 ad
1315 2826 1429 2861 quam
1462 2817 1614 2851 tenetur
1645 2814 1715 2850 hoc

260 2879 358 2903 anno
381 2868 502 2915 possit
525 2868 665 2906 differri
694 2870 734 2906 in
762 2882 905 2907 annum
933 2872 1146 2919 proximum
1169 2873 1224 2909 sic
1247 2872 1348 2921 quod
1373 2874 1440 2910 fiat
1462 2876 1552 2910 ante
1575 2874 1715 2911 festum

1499 2940 1605 2978 5-2

1734 2522 1761 2561 f.
1785 2523 1879 2562 282
