2008 3294
317 179 404 224 310
912 192 1064 226 emon
1094 192 1219 226 ΒοοΚ
1250 194 1280 225 Δ
1645 179 1866 238 [1577-78

413 308 542 333 eorum
571 300 808 344 presentetur
840 298 880 333 in
913 298 1024 344 plena
1056 299 1343 345 congregacione
1366 298 1576 344 regentium
1600 300 1639 333 et
1663 309 1775 344 super
1798 299 1869 335 hac

414 359 540 392 vestra
568 356 805 393 concessione
832 356 962 392 literas
992 356 1131 392 habeat
1159 357 1343 403 sigillatas
1375 356 1496 403 sigillo
1524 359 1649 392 vestro
1678 358 1868 392 communi

416 416 659 452 Presentatus
684 427 750 463 per
774 416 966 452 doctorem
991 416 1130 453 Warde

767 625 1080 670 Bacchalaurei
1110 625 1156 668 in
1187 625 1283 668 iure
1315 625 1433 668 civili

322 751 549 788 Conceditur
567 754 611 788 14
629 752 759 788 Martii
778 752 878 788 Edw.
899 752 1106 800 Grymston
1123 755 1166 789 vt
1182 752 1351 789 studium
1371 756 1392 788 5
1409 763 1594 788 annorum
1611 752 1650 787 in
1668 752 1748 788 iure
1771 751 1872 788 civili

416 824 502 847 cum
520 811 824 859 opposicionibus
840 811 1147 859 responsionibus
1163 816 1202 848 et
1219 811 1303 847 aliis
1319 811 1506 847 exercitiis
1523 823 1589 858 per
1605 813 1751 847 statuta
1773 811 1873 857 regia

416 870 609 917 requisitis
632 871 794 907 sufficiat
819 871 853 907 ei
877 871 926 907 ad
956 870 1176 907 intrandum
1204 871 1243 906 in
1272 869 1403 906 eodem
1430 870 1510 906 iure
1536 871 1591 906 ita
1618 873 1660 906 vt
1686 870 1791 917 prius
1817 881 1871 906 re-

415 921 600 975 spondeat
623 929 663 964 in
687 928 822 965 habitu
848 929 1107 965 bacchalaurei

322 987 464 1024 Eadem
488 988 609 1034 gratia
631 988 848 1025 conceditur
873 992 916 1026 17
936 989 1027 1024 Maii
1047 988 1212 1025 Roberto
1229 988 1376 1024 Turner
1393 988 1500 1024 Edm.
1523 988 1647 1024 Bacon
1665 988 1729 1024 W⁰
1747 988 1873 1024 Lewes

417 1049 463 1082 28
482 1046 572 1082 Maii
590 1046 654 1083 W⁰
672 1047 799 1083 Revell
816 1050 856 1084 et
875 1050 919 1083 13
935 1047 959 1083 J
963 1047 1042 1083 unii
1061 1047 1191 1083 Barth.
1212 1047 1355 1083 Laxton

819 1273 1030 1316 Doctores
1062 1273 1108 1316 in
1139 1273 1233 1316 iure
1264 1272 1382 1316 civili

322 1391 550 1435 Conceditur
572 1402 594 1434 5
614 1398 638 1435 J
641 1398 708 1435 ulii
733 1399 842 1436 15770
866 1398 1047 1445 magistro
1070 1398 1215 1435 Simoni
1239 1398 1376 1446 Smyth
1399 1403 1442 1435 vt
1462 1399 1632 1436 studium
1651 1402 1670 1437 7
1689 1410 1874 1435 annorum

418 1458 457 1494 in
475 1458 556 1494 iure
572 1458 673 1494 civili
691 1461 893 1505 postquam
910 1458 1048 1494 rexerit
1065 1458 1104 1494 in
1121 1458 1269 1495 artibus
1290 1471 1377 1495 cum
1397 1458 1700 1506 opposicionibus
1723 1470 1873 1506 respon-

416 1516 585 1553 sionibus
606 1517 764 1564 aliisque
786 1517 973 1554 exercitiis
995 1529 1062 1565 per
1083 1517 1184 1565 regia
1205 1521 1353 1555 statuta
1374 1518 1566 1565 requisitis
1589 1518 1750 1555 sufficiat
1769 1518 1803 1554 ei
1825 1518 1874 1554 ad

416 1575 700 1635 incipiendum
691 1588 729 1611 in
747 1575 904 1612 eodem
895 1587 976 1612 lure
1035 1576 1280 1613 Presentatus
1296 1588 1363 1624 per
1378 1576 1569 1613 doctorem
1588 1577 1683 1624 Bing
1699 1577 1828 1614 eodem

322 1634 464 1671 Eadem
480 1635 601 1682 gratia
617 1621 834 1671 conceditur
853 1637 896 1671 13
913 1635 937 1671 J
941 1647 1020 1671 unu
1037 1636 1218 1683 magistro
1236 1635 1401 1672 Roberto
1418 1636 1581 1684 Conway
1631 1637 1874 1673 Presentatus

416 1706 483 1742 per
498 1694 688 1731 doctorem
707 1694 803 1741 Bing
819 1694 952 1731 vltimo
968 1694 992 1730 J
998 1707 1076 1730 unu

322 1753 549 1791 Conceditur
565 1755 588 1789 9
606 1753 698 1789 Maii
717 1754 897 1800 magistro
915 1754 1058 1790 Thome
1080 1754 1209 1791 Lawse
1227 1757 1268 1790 vt
1285 1754 1456 1791 studium
1476 1758 1519 1791 16
1536 1766 1721 1791 annorum
1738 1755 1777 1790 in
1794 1754 1874 1791 iure

416 1812 517 1848 civili
543 1816 745 1859 postquam
769 1812 908 1849 rexerit
936 1812 975 1849 in
1000 1812 1147 1849 artibus
1171 1816 1210 1850 et
1235 1816 1257 1850 9
1281 1826 1464 1851 annorum
1491 1815 1656 1862 practica
1680 1814 1719 1850 in
1744 1814 1874 1851 eodem

416 1883 503 1908 cum
522 1884 594 1908 vna
611 1872 848 1919 opposicione
864 1876 904 1909 et
921 1885 995 1909 vna
1011 1874 1251 1921 responsione
1267 1875 1428 1911 sufficiat
1445 1875 1480 1911 ei
1497 1875 1545 1911 ad
1562 1874 1817 1922 incipiendum
1835 1875 1873 1910 in

416 1930 545 1967 eodem
563 1931 643 1967 iure
693 1931 935 1968 Prosentatus
952 1944 1019 1979 per
1035 1932 1225 1970 doctorem
1245 1933 1361 1981 Binge
1381 1937 1424 1970 13
1441 1934 1465 1971 J
1469 1934 1547 1971 unii
1607 1951 1613 1958 ·

792 2145 910 2189 Ordo
940 2147 1206 2191 senioritatis
1237 2148 1416 2204 (wzary.)

967 2273 1021 2309 Μ’
1036 2273 1070 2309 d.
1092 2273 1219 2309 Lawse

1038 2333 1073 2370 d.
1093 2333 1230 2381 Smyth

1039 2392 1074 2428 d.
1095 2393 1259 2441 Conway

780 2590 1090 2635 Bacchalaurei
1121 2591 1167 2635 in
1198 2592 1420 2652 theologia

320 2715 548 2753 Conceditur
565 2719 605 2753 21
630 2716 821 2754 Februarii
844 2717 1023 2765 magistro
1040 2717 1104 2754 W⁰
1125 2717 1302 2766 Morgana
1326 2722 1367 2756 vt
1389 2719 1561 2757 studium
1585 2723 1605 2759 7
1628 2733 1812 2759 annorum
1834 2723 1872 2760 in

416 2775 601 2822 thoologia
619 2780 819 2824 postquam
837 2776 974 2814 rexerit
992 2776 1029 2813 in
1047 2776 1194 2814 artibus
1211 2789 1297 2814 cum
1310 2778 1614 2826 opposicionibus
1626 2782 1872 2829 responsioni-

416 2834 486 2870 bun
501 2833 735 2871 nonnonibun
752 2838 790 2871 et
807 2834 891 2871 aliis
908 2835 1095 2872 exomitiis
1108 2846 1174 2882 per
1186 2838 1334 2872 statuta
1350 2837 1544 2884 requisitis
1561 2838 1724 2876 sufficiat
1741 2840 1774 2876 ei
1793 2845 1870 2877 tatu

414 2893 461 2930 wi
479 2893 742 2940 opponendum
760 2905 874 2940 quam
892 2893 939 2931 ad
958 2893 1178 2932 intrandum
1197 2894 1234 2931 in
1252 2907 1358 2932 sacra
1377 2894 1562 2943 theologia
