2008 3294
338 176 422 219 292
928 187 1081 219 GRAOE
1111 187 1235 219 Boon
1267 187 1296 218 Δ
1667 175 1887 232 [1575-76

777 434 896 478 Ordo
929 432 1197 476 senioritatis
1232 432 1446 488 (maryin)

718 560 860 595 Doctor
876 559 1027 595 Broune
1234 559 1375 594 Doctor
1391 558 1524 598 Wood>

719 618 861 654 Doctor
879 618 1029 664 Doding
1235 617 1376 653 Doctor
1394 617 1544 653 Heathe

781 879 1094 923 Bacchalaurei
1130 879 1175 922 in
1204 878 1307 936 jure
1342 878 1461 922 civili

341 1006 571 1044 Conceditur
586 1009 626 1042 3⁰
642 1005 836 1042 Februarii
855 1006 1020 1042 Henrico
1037 1005 1314 1042 Wheatecrofte
1336 1007 1380 1042 vt
1401 1005 1572 1042 studium
1595 1009 1617 1042 5
1639 1017 1825 1042 annorum
1850 1005 1890 1041 in

435 1068 516 1103 iure
540 1066 642 1102 civili
667 1078 753 1102 cum
782 1065 1088 1114 opposicionibus
1113 1065 1421 1113 responsionibus
1442 1069 1482 1101 et
1504 1065 1589 1102 aliis
1613 1066 1800 1102 exercitiis
1825 1077 1892 1113 per

435 1130 583 1163 statuta
603 1127 796 1174 requisitis
818 1127 982 1163 sufficiat
1003 1127 1037 1163 ei
1060 1126 1109 1162 ad
1132 1126 1354 1162 intrandum
1377 1126 1416 1162 in
1439 1125 1569 1162 eodem
1592 1126 1672 1162 iure
1693 1126 1749 1161 sic
1770 1129 1814 1162 vt
1835 1137 1890 1162 re-

435 1187 619 1234 spondeat
635 1187 675 1223 in
692 1187 827 1223 habitu
844 1187 1103 1223 bacchalaurei

342 1246 483 1283 Eadem
506 1247 629 1292 gratia
649 1246 870 1282 conceditur
891 1246 1022 1282 eodem
1043 1247 1066 1282 J
1069 1259 1100 1282 o.
1124 1246 1309 1283 Gardiner
1378 1245 1589 1282 Presentati
1612 1256 1679 1292 per
1701 1244 1891 1281 doctorem

437 1306 555 1353 Binge

836 1569 1048 1613 Doctores
1081 1569 1126 1611 in
1154 1569 1255 1626 jure
1288 1568 1405 1612 civili

343 1699 573 1736 Conceditur
589 1702 612 1735 3
630 1699 824 1735 Februarii
842 1699 1024 1746 magistro
1041 1699 1230 1735 Willelmo
1255 1699 1391 1747 Lewyn
1410 1702 1452 1735 vt
1468 1698 1637 1735 studium
1663 1700 1685 1733 8
1708 1707 1893 1734 annorum

438 1759 477 1794 iu
498 1758 584 1805 jure
609 1758 711 1794 civili
737 1762 940 1805 postquam
961 1758 1098 1794 rexerit
1122 1758 1161 1794 in
1186 1758 1334 1794 artibus
1356 1770 1443 1794 eum
1463 1769 1537 1794 vna
1558 1757 1798 1805 responsione
1818 1756 1894 1791 iam

437 1821 590 1865 peracta
607 1829 682 1853 vna
698 1818 937 1865 opposicione
954 1817 1136 1854 hodierna
1151 1817 1212 1854 die
1229 1817 1441 1865 peragenda
1457 1821 1496 1853 et
1511 1817 1632 1853 altera
1654 1815 1894 1863 responsione

437 1876 610 1914 habenda
627 1878 666 1913 iu
684 1878 863 1925 vesperiis
879 1878 1121 1914 comitiorum
1138 1878 1300 1914 sufficiat
1315 1878 1349 1914 ei
1366 1877 1415 1914 ad
1432 1876 1689 1924 incipiendum
1706 1876 1747 1912 in
1763 1874 1893 1911 eodem

431 1937 519 1984 jure
535 1937 589 1973 sic
606 1939 649 1973 vt
665 1937 896 1974 admittatur
911 1936 961 1973 ad
978 1937 1160 1984 placitum
1185 1939 1275 1974 ante
1297 1937 1453 1973 comitia
1475 1936 1646 1984 proxima
1702 1935 1896 1971 Presente-

438 2002 502 2035 tus
518 1997 649 2034 eodem
666 2009 734 2046 per
749 1997 942 2034 doctorem
962 1997 1058 2044 Bing

343 2057 572 2094 Conceditur
598 2060 618 2095 7
646 2058 775 2094 Martii
806 2058 989 2104 magistro
1013 2058 1072 2094 Jo.
1101 2058 1206 2105 Daye
1231 2057 1468 2095 vtstudium
1494 2059 1515 2095 7
1541 2067 1726 2093 annorum
1751 2054 1790 2091 in
1815 2054 1896 2091 iure

438 2117 539 2154 civili
557 2121 759 2165 postquam
778 2118 915 2153 rexerit
932 2117 970 2153 in
988 2116 1136 2153 artibus
1153 2129 1239 2153 cum
1263 2115 1568 2164 opposicionibus
1588 2114 1894 2162 responsionibus

437 2180 478 2214 et
493 2177 578 2214 aliis
594 2177 784 2213 exercitiis
801 2188 867 2224 per
883 2179 1032 2213 statuta
1049 2176 1244 2223 requisitis
1260 2175 1423 2212 sufficiat
1445 2175 1479 2211 ei
1503 2174 1551 2212 ad
1575 2173 1831 2222 incipiendum
1855 2173 1894 2209 in

438 2236 569 2273 eodem
582 2236 669 2283 jure
720 2236 964 2272 Presentatus
981 2247 1047 2282 per
1063 2235 1254 2271 doctorem
1274 2234 1370 2281 Bing
1386 2237 1407 2270 4
1427 2234 1518 2270 Maii

345 2295 573 2333 Conceditur
600 2298 643 2331 18
670 2295 761 2332 Maii
788 2295 970 2342 magistro
994 2294 1053 2331 J0.
1082 2294 1228 2331 Beacon
1252 2292 1447 2330 reuerendi
1472 2293 1511 2329 in
1538 2292 1690 2330 Christo
1713 2291 1834 2339 patris
1856 2295 1896 2327 et

439 2354 581 2391 domini
599 2354 742 2391 domini
759 2354 925 2402 episcopi
945 2353 1188 2391 Not-vicensis
1206 2352 1429 2390 cancellario
1452 2356 1495 2389 vt
1516 2351 1684 2389 studium
1713 2354 1757 2388 10
1781 2362 1895 2388 anno-

440 2426 523 2451 rum
546 2414 583 2450 in
602 2415 681 2450 iure
701 2414 803 2451 civili
828 2418 1030 2462 postquam
1054 2413 1192 2450 rexerit
1215 2413 1253 2449 in
1276 2411 1424 2449 artibus
1449 2422 1535 2448 cum
1559 2423 1634 2447 vna
1655 2410 1896 2458 responsione

439 2474 602 2510 sufficiat
629 2474 662 2510 ei
691 2473 739 2511 ad
767 2473 1024 2522 incipiendum
1056 2474 1095 2510 in
1125 2473 1255 2509 eodem
1283 2472 1364 2509 iure
1391 2473 1446 2508 sic
1477 2474 1518 2508 vt
1542 2471 1693 2508 intersit
1718 2470 1898 2519 proximis

440 2533 604 2570 comitiis
627 2538 793 2582 opponet
817 2538 857 2571 et
881 2534 1104 2571 convivetur
1155 2533 1395 2569 Presentatus
1421 2543 1486 2579 per
1509 2531 1699 2568 doctorem
1725 2530 1822 2579 Bing

784 2765 903 2810 Ordo
938 2764 1203 2809 senioritatis
1236 2765 1450 2823 (maryin)

672 2893 725 2931 Dr
746 2892 878 2942 Lewyn
1026 2892 1079 2930 Dr
1098 2892 1241 2931 Beaoon
1374 2892 1442 2933 ‚Dr
1460 2891 1564 2942 Daye
