2008 3294
127 187 346 245 1578-79]
702 197 854 232 cason
883 197 1008 231 BOOK
1038 199 1068 230 Δ
1584 187 1667 231 325

127 302 354 340 Conceditur
384 303 468 351 viijo
498 303 523 340 J
525 303 591 340 ulii
656 303 754 340 Cum
789 302 945 350 quidam
982 302 1247 349 magistrorum
1282 301 1322 338 in
1357 301 1504 338 artibus
1539 301 1670 349 incipi-

221 361 366 398 entium
391 362 565 398 hesterno
591 362 652 399 die
675 361 837 408 negociis
861 361 941 397 suis
963 360 1136 397 distracti
1160 360 1366 396 amicorum
1391 358 1607 396 interventu
1631 362 1671 396 et

221 420 478 458 familiaritate
513 421 651 458 retenti
687 423 727 457 et
763 420 944 468 temporis
983 431 1208 468 prepropera
1244 419 1488 456 festinacione
1522 418 1670 466 decepti

220 478 336 515 creati
368 483 459 516 sunt
491 480 554 516 sed
585 492 660 516 non
688 481 818 516 eodem
848 479 928 516 loco
957 481 996 515 et
1024 478 1153 515 ordine
1182 490 1257 526 quo
1286 477 1326 514 in
1354 477 1523 524 catalogo
1551 478 1671 525 patris

220 537 398 585 descripti
434 539 588 575 fuerunt
623 539 747 586 placet
778 538 884 575 vobis
915 540 958 574 vt
994 538 1034 574 in
1074 538 1263 585 integrum
1304 537 1473 574 restituti
1513 537 1670 573 eandem

220 596 475 633 senioritatem
506 597 642 645 singuli
673 597 861 634 retineant
887 609 1001 645 quam
1029 601 1137 645 pater
1162 597 1368 644 assignavit
1393 597 1448 633 sic
1473 600 1516 633 vt
1541 608 1670 633 eorum

220 655 374 691 nomina
395 655 456 692 hic
478 656 683 703 separatim
706 656 745 692 in
767 658 902 692 senatu
923 660 1188 693 recenseantur
1205 655 1409 703 eodemque
1426 654 1466 692 in
1481 655 1671 692 academie

218 714 345 750 album
368 714 577 752 referantur

125 772 351 808 Conceditur
367 776 389 809 8
406 773 429 809 J
432 773 499 809 ulii
549 774 645 810 Cum
663 773 842 821 magister
858 772 1080 811 Timotheus
1097 774 1375 821 Whittingham
1392 773 1522 822 paucis
1537 773 1670 811 diebus

219 834 308 867 ante
340 831 493 867 comitia
526 832 696 878 proxima
727 832 848 879 patris
881 833 938 869 sui
969 836 1089 869 morte
1122 833 1350 870 Dunelmum
1384 831 1510 869 subito
1541 845 1670 870 evoca·

219 894 283 926 tus
309 891 472 927 comitiis
498 891 678 928 interesse
704 904 779 928 non
805 893 971 939 potuerit
997 892 1120 940 placet
1145 893 1251 930 vobis
1275 896 1318 930 vt
1342 893 1468 929 dictus
1491 893 1671 940 magister

219 950 500 997 Whittingham
532 951 688 988 eandem
719 951 975 988 senioritatem
1003 955 1043 989 et
1071 952 1194 989 locum
1222 953 1393 989 obtineat
1420 964 1533 1000 quem
1562 958 1670 1000 pater

219 1010 425 1055 assignavit
449 1014 488 1046 et
512 1010 552 1046 in
577 1011 700 1058 prima
723 1011 1010 1058 congregacione
1031 1024 1105 1060 que
1129 1013 1201 1049 erit
1225 1016 1311 1060 post
1335 1012 1416 1049 eius
1440 1012 1603 1048 reditum
1629 1012 1668 1049 in

218 1069 387 1116 proximo
410 1069 572 1105 termino
596 1069 635 1105 in
660 1069 797 1106 scholis
822 1070 982 1117 publicis
1002 1073 1150 1108 creetur
