2008 3294
318 169 405 209 318
921 177 1072 208 GRAOE
1102 177 1226 208 BOOK
1257 177 1288 207 Δ
1649 164 1839 220 [1578-7
1845 168 1870 209 9

315 281 543 318 Conceditur
565 285 588 318 8
604 282 626 317 J
632 282 697 317 ulii
715 285 758 317 vt
774 282 797 317 J
800 293 913 328 aspar
931 281 1080 317 Colmer
1098 280 1384 316 bacchalaurius
1401 280 1440 316 in
1457 279 1603 316 artibus
1620 280 1671 316 sit
1687 279 1788 327 apud
1804 292 1871 316 vos

409 341 543 377 iisdem
560 353 660 377 anno
677 341 807 377 ordine
823 345 863 376 et
879 341 997 387 gradu
1014 339 1153 386 quibus
1170 343 1229 375 est
1245 339 1346 386 apud
1365 352 1452 375 suos
1470 340 1697 376 Oxonienses

315 400 544 437 Conceditur
568 403 630 436 2:3⁰
651 401 759 436 Junii
781 400 816 436 d.
842 401 948 436 Geor.
973 399 1104 435 Cloase
1131 399 1170 434 in
1195 398 1408 434 accademia
1433 399 1634 435 Oxoniensi
1661 399 1699 434 in
1723 397 1870 435 artibus

409 459 678 495 bacchalaureo
703 462 745 494 vt
774 458 826 494 sit
853 458 915 493 hic
939 457 1040 504 apud
1067 469 1132 493 vos
1161 457 1200 492 in
1230 457 1386 493 eiisdem
1413 457 1531 503 gradu
1555 457 1685 492 ordine
1709 461 1747 492 et
1771 468 1870 492 anno

409 517 548 564 quibus
570 517 645 553 fuit
667 517 706 552 in
724 517 827 553 dicta
842 516 1034 552 academia
1052 516 1255 552 Oxoniensi
1272 516 1327 551 sic
1344 519 1386 551 vt
1407 516 1530 562 gratia
1546 515 1594 551 ad
1614 515 1870 562 incipiendum

409 577 450 612 in
466 576 613 612 artibus
629 576 812 623 superiori
828 576 889 612 die
905 588 928 612 a
945 575 1051 612 vobis
1068 576 1123 611 illi
1140 587 1316 611 concessa
1333 576 1372 611 in
1391 588 1459 611 suo
1475 575 1607 611 robore
1623 578 1840 622 permaneat

898 789 1098 846 Magistri
1129 789 1290 832 artium

314 925 541 961 Conceditur
564 928 587 962 6
613 925 807 961 Februarii
830 925 984 961 domino
1005 924 1030 961 J
1032 937 1064 961 0.
1089 925 1227 972 Smyth
1250 925 1379 973 Regali
1403 929 1445 962 vt
1470 929 1493 962 9
1516 926 1667 962 termini
1692 925 1868 974 completi

408 989 495 1032 post
527 985 677 1021 finalem
705 986 786 1022 eius
818 985 1174 1022 determinacionem
1207 985 1247 1020 in
1280 984 1419 1031 quibus
1451 986 1630 1022 lectiones
1663 985 1869 1021 ordinarias

409 1044 556 1081 audivit
586 1045 675 1081 licet
708 1057 784 1081 non
816 1045 969 1081 omnino
1002 1044 1210 1080 secundum
1242 1045 1404 1081 formam
1436 1046 1573 1082 statuti
1606 1058 1693 1082 cum
1722 1044 1868 1093 opposi-

408 1105 578 1141 cionibus
600 1104 905 1152 responsionibus
921 1107 960 1141 et
982 1104 1066 1140 aliis
1088 1104 1275 1140 exercitiis
1296 1116 1364 1151 per
1386 1107 1533 1140 statuta
1555 1105 1746 1151 requisitis
1767 1104 1868 1140 suffi-

407 1165 510 1200 ciant
526 1165 559 1201 ei
576 1165 625 1201 ad
642 1164 898 1212 incipiendum
914 1164 955 1200 in
972 1163 1119 1200 artibus
1159 1163 1246 1200 Vna
1259 1175 1346 1200 cum
1363 1175 1407 1200 eo
1424 1164 1644 1211 inceperunt
1657 1164 1704 1200 de
1715 1164 1868 1211 collegio

410 1223 524 1270 Regio
540 1224 606 1270 qui
630 1223 773 1260 nullam
796 1223 990 1270 petierunt
1011 1222 1173 1269 gratiam
1195 1225 1263 1258 aut
1285 1221 1608 1269 dispensacionem
1625 1222 1660 1260 d.
1681 1222 1868 1259 Henricus

410 1283 586 1319 Mowtloe
601 1283 625 1319 J
627 1295 659 1320 o.
678 1284 824 1320 Turner
840 1286 880 1319 et
896 1283 1061 1319 Thomas
1078 1282 1244 1318 Thomas

314 1340 456 1376 Eadem
487 1342 609 1388 gratia
640 1341 858 1377 conceditur
893 1352 1020 1376 mense
1052 1340 1197 1387 Aprilis
1228 1344 1297 1376 etc.
1333 1340 1379 1376 de
1412 1340 1566 1387 collegio
1599 1340 1799 1376 Trinitatis
1829 1339 1865 1376 d.

410 1399 573 1436 Roberto
590 1399 833 1447 Ottringham
858 1398 1017 1435 Ricardo
1033 1398 1190 1446 Wylson
1214 1398 1378 1435 Roberto
1394 1399 1531 1446 Alleyn
1556 1398 1719 1435 Roberto
1740 1399 1867 1435 Moore

409 1460 582 1496 Michaeli
612 1459 760 1496 Rabbet
786 1459 888 1495 Edw.
920 1458 1063 1506 Sharpe
1091 1458 1183 1495 Tho.
1215 1458 1342 1494 Bushe
1370 1458 1428 1494 J0.
1460 1458 1608 1506 Medley
1637 1458 1702 1495 W⁰
1730 1457 1866 1506 Smyth

407 1519 498 1555 Tho.
527 1518 750 1555 Newcomen
784 1517 943 1554 Ricardo
977 1517 1078 1554 Lane
1107 1517 1130 1553 J
1133 1528 1164 1554 o.
1196 1517 1378 1564 Chomley
1407 1517 1515 1564 Bapt.
1545 1518 1678 1553 Trotte
1707 1516 1866 1553 Ricardo

407 1578 543 1615 Warde
569 1578 632 1615 W⁰
661 1578 896 1625 Fynnemore
924 1577 1015 1614 Tho.
1044 1577 1174 1614 Cleare
1203 1577 1294 1613 Tho.
1327 1576 1473 1625 Hedley
1501 1577 1612 1614 Leon.
1643 1577 1775 1613 Shawe
1806 1576 1864 1613 J0.

408 1637 556 1674 Cowart
583 1637 697 1674 Andr.
726 1638 868 1674 Paman
894 1637 999 1673 Alex.
1026 1636 1225 1673 Anderson
1250 1636 1308 1673 Jo.
1335 1636 1358 1672 J
1361 1648 1486 1673 eames
1510 1636 1668 1684 Georgio
1692 1636 1824 1674 Cloase

315 1697 370 1732 Ex
392 1697 544 1743 collegio
565 1697 644 1733 divi
663 1697 687 1733 J
690 1697 850 1732 ohannis
913 1695 948 1734 d.
971 1696 1032 1732 W⁰
1049 1696 1195 1743 Harrys
1218 1695 1310 1732 Tho.
1328 1695 1435 1732 West
1459 1695 1619 1732 Ricardo
1639 1695 1744 1732 Μοὺθ
1766 1695 1863 1731 Hen.

407 1756 528 1803 Alvey
555 1755 718 1792 Roberto
744 1755 913 1792 Redman
938 1755 1120 1791 Nicholao
1147 1755 1301 1791 Proctor
1325 1754 1486 1791 Ricardo
1508 1754 1682 1792 Webster
1706 1754 1866 1792 Ricardo

406 1816 566 1863 Clayton
585 1816 743 1852 Ricardo
760 1815 945 1852 Wrathall
964 1815 1075 1851 Petro
1092 1815 1236 1862 Sharpe
1252 1814 1275 1850 J
1279 1826 1310 1851 o.
1331 1814 1515 1851 Harrison

312 1875 366 1910 Ex
395 1874 548 1921 collegio
574 1875 716 1910 Christi
781 1874 815 1910 d.
845 1874 941 1910 Hen.
970 1873 1202 1920 Dillingham
1229 1873 1318 1909 Lau.
1346 1873 1449 1920 Kyte
1474 1873 1618 1910 Simoni
1646 1872 1865 1910 Bradstreat

404 1934 568 1971 Timoth.
591 1933 868 1980 whittingham
891 1933 975 1969 Art.
1001 1933 1102 1969 Dent
1123 1932 1182 1969 J0.
1207 1932 1344 1980 Smyth
1370 1932 1488 1969 Bruto
1511 1931 1735 1980 Babyngton
1760 1932 1861 1969 Edw.

408 1993 534 2040 Negus
552 1993 715 2029 Roberto
732 1993 920 2039 Evington
940 1992 1070 2029 Franc.
1090 1992 1113 2028 J
1116 2004 1231 2039 epson

312 2053 367 2088 Ex
389 2053 542 2099 collegio
566 2053 742 2099 Regina-le
789 2052 824 2089 d.
843 2052 934 2088 Tho.
956 2052 1164 2098 Puckering
1184 2052 1242 2089 J0.
1262 2051 1399 2099 Smyth
1422 2063 1471 2088 se.
1491 2052 1582 2088 Tho.
1604 2052 1788 2099 Hewghes
1803 2052 1861 2090 J0.

406 2113 542 2160 Smyth
564 2112 617 2159 ju.
643 2112 758 2149 Clem.
783 2111 919 2159 Smyth
946 2111 1037 2148 Tho.
1056 2111 1201 2160 [woh-J
1217 2111 1335 2148 Alton
1362 2112 1451 2148 Lau.
1479 2112 1676 2148 Serienson
1704 2111 1863 2148 Ricardo

406 2172 551 2219 Comyn

313 2231 367 2267 Ex
399 2230 551 2278 collegio
584 2230 676 2266 Jesu
739 2229 775 2267 d.
805 2229 870 2266 W⁰
897 2229 1100 2267 Barnewell
1135 2229 1281 2266 Danieli
1318 2229 1438 2266 Reeve
1472 2228 1564 2267 Rob.
1595 2229 1737 2277 Pechye
1771 2229 1862 2266 Tho.

408 2290 560 2326 Francis
585 2290 643 2327 J0.
670 2289 806 2338 Smyth
831 2289 889 2326 J0.
917 2289 1047 2326 Dodde
1071 2288 1135 2326 W⁰
1159 2288 1455 2335 Thoroughgood
1481 2288 1544 2324 W⁰
1568 2288 1704 2336 Smyth
1732 2288 1862 2335 Georg.

406 2348 566 2396 Clopton
596 2348 689 2385 Heu.
718 2348 853 2395 Lessey

316 2408 367 2444 Ex
390 2407 542 2454 collegio
565 2408 740 2454 Corporis
757 2406 898 2443 Christi
956 2406 990 2444 d.
1010 2407 1101 2444 Tho.
1123 2407 1380 2454 cheryngton
1399 2406 1462 2442 W⁰
1482 2405 1602 2442 Reede
1619 2406 1682 2441 W⁰
1699 2406 1863 2453 Norgate

409 2466 544 2502 Brinno
568 2466 688 2502 Exton
712 2465 804 2502 Tho.
827 2464 995 2501 Plummc
1020 2465 1113 2501 Heu.
1134 2464 1316 2511 Goldingo
1334 2464 1391 2501 J0.
1412 2464 1516 2500 west
1536 2463 1625 2500 Rob.
1646 2464 1861 2512 Wyddoson

408 2525 551 2562 Danieli
570 2524 747 2572 (lodffray
765 2524 787 2561 J
792 2537 823 2562 0.
844 2524 996 2561 Machet
1014 2524 1077 2560 W⁰
1095 2524 1246 2561 Machet

315 2586 365 2622 Ex
383 2585 536 2630 collegio
552 2583 659 2620 Claro
707 2583 741 2620 d.
763 2583 891 2620 Franc.
914 2582 1048 2620 Hande
1066 2583 1157 2621 Tho.
1178 2582 1310 2619 Bound
1331 2581 1434 2619 Edw.
1455 2582 1619 2630 Mvnday
1635 2582 1692 2619 J0.
1714 2583 1863 2631 Wright

405 2642 463 2679 J0.
492 2642 642 2678 namu-r
668 2640 756 2678 Rob.
784 2640 942 2687 Konyon
965 2639 1023 2675 J0.
1051 2639 1288 2676 Hammonde
1314 2639 1405 2676 Tho.
1431 2639 1566 2675 Dunno
1593 2639 1752 2677 Ricardo
1779 2641 1862 2689 Key

408 2702 469 2737 W‘·
486 2703 607 2737 (ireen
628 2698 786 2737 Ricardo
803 2698 837 2735 N
842 2698 944 2735 owen
963 2698 1069 2735 Geor.
1091 2698 1284 2746 Rysheton
1304 2697 1498 2745 Radolpho
1515 2698 1656 2734 Graves

315 2762 365 2798 Ex
400 2760 486 2797 nula
523 2758 646 2796 l'oinb.
712 2758 748 2794 d.
781 2757 876 2794 Hen.
905 2756 1001 2794 Gold
1034 2756 1095 2792 W⁰
1124 2756 1306 2804 Mydsono
1339 2755 1431 2793 Tho.
1464 2755 1647 2792 Wenham
1679 2756 1741 2792 W⁰
1769 2758 1862 2795 Carr

407 2819 469 2855 W⁰
496 2818 649 2866 Dnmyoll

313 2880 367 2917 Ex
384 2878 535 2926 collegio
552 2879 595 2914 G.
614 2881 654 2914 ct
670 2876 710 2914 C.
762 2874 862 2913 Edw.
884 2874 1005 2912 Baker
1023 2874 1084 2912 W⁰
1101 2873 1291 2912 Greenhill
1311 2873 1373 2911 W⁰
1391 2875 1543 2921 ansey
