2008 3216
335 198 392 239 84
932 209 1085 241 GRAcE
1115 209 1240 241 130οΚ
1271 208 1301 239 Δ
1667 198 1888 254 [1552-53

335 314 432 350 Item
461 313 680 351 conceditur
711 314 851 350 Joanni
877 313 1050 350 Johnson
1077 316 1120 350 vt
1149 316 1193 350 12
1221 314 1375 350 termini
1401 325 1488 350 cum
1520 326 1564 350 eo
1596 314 1635 350 in
1668 325 1744 361 quo
1769 313 1890 349 deter-

428 372 643 410 minaturus
674 373 714 409 in
741 372 880 420 quibus
909 373 1088 409 lectiones
1114 372 1323 409 ordinarias
1350 373 1500 409 audiuit
1524 373 1612 409 licet
1635 385 1711 409 non
1737 371 1890 408 omnino

429 431 637 468 secundm
654 431 813 467 formam
831 431 969 467 statuti
991 443 1079 467 cum
1101 431 1401 478 oppositionibus
1425 431 1728 478 responsionibus
1751 434 1790 467 et
1805 430 1891 466 aliis

429 491 616 527 exercitiis
640 501 707 538 per
731 490 833 537 regia
857 493 1005 526 statuta
1028 490 1221 537 requisitis
1245 491 1435 526 sufficiant
1458 490 1492 526 ei
1516 491 1565 527 ad
1589 489 1888 538 respondendum

429 550 620 597 questioni

338 609 436 644 Item
453 607 672 644 conceditur
687 607 830 643 Thome
846 606 996 643 Wattes
1012 610 1055 643 vt
1074 610 1118 643 12
1134 608 1287 644 termini
1310 608 1485 655 completi
1502 608 1542 644 in
1559 607 1698 655 quibus
1713 607 1891 644 lectiones

430 666 640 703 ordinarias
656 677 722 713 per
738 665 919 701 maiorem
935 669 1083 712 partem
1100 665 1140 701 in
1163 668 1246 701 toto
1269 665 1467 702 audiuerat
1483 678 1570 702 cum
1592 665 1891 714 oppositionibus

431 725 739 773 responsionibus
755 729 793 761 et
806 725 891 762 aliis
901 725 1088 761 exercitiis
1101 725 1207 761 iuxta
1223 728 1371 762 statuta
1382 726 1483 773 regia
1494 726 1687 773 requisitis
1703 725 1892 762 sufficiant

431 786 466 822 ei
482 786 531 822 ad
547 784 850 832 respondendum
867 784 1056 832 questioni

339 845 481 882 Eadem
506 845 629 892 gratia
656 845 703 880 de
730 844 843 880 verbo
868 844 909 880 in
936 844 1094 881 verbum
1121 844 1338 880 conceditur
1369 844 1556 880 Willelmo
1583 843 1718 880 Clarke
1750 843 1893 879 Thome

432 905 591 952 Cleyton
608 904 759 940 Andree
775 903 1026 951 Vxenbrydge
1042 907 1082 940 et
1099 903 1264 940 Henrico
1281 903 1481 940 Acworthe

340 963 439 999 Item
455 962 674 999 conceditur
689 962 844 999 eiisdem
861 963 1043 1010 superiori
1060 962 1121 999 die
1136 962 1312 999 admissis
1328 962 1376 999 ad
1389 961 1689 1010 respondendum
1706 961 1893 1008 questioni

432 1024 473 1057 et
487 1020 705 1069 supradicto
726 1020 879 1056 domino
901 1020 1073 1056 Johnson
1090 1023 1133 1056 vt
1155 1020 1303 1067 possint
1325 1021 1401 1057 iam
1423 1023 1512 1057 actu
1531 1032 1612 1056 esse
1635 1019 1895 1056 bacchalaurei

433 1081 575 1116 artium
603 1083 643 1116 et
667 1079 914 1116 nihilominus
940 1082 1044 1116 stent
1076 1091 1163 1116 cum
1196 1079 1330 1116 ceteris
1362 1080 1401 1115 in
1434 1079 1719 1126 quadragesima
1749 1082 1789 1115 et
1820 1078 1895 1114 alia

434 1139 562 1176 omnia
577 1137 759 1187 peragant
775 1139 882 1175 iuxta
897 1138 1056 1174 formam
1074 1138 1212 1174 statuti
1228 1150 1271 1174 ac
1288 1138 1403 1174 etiam
1420 1138 1589 1174 ordinem
1602 1137 1726 1185 quoad
1742 1137 1894 1174 seniori-

436 1202 554 1234 tatem
573 1198 782 1244 suscipiant
797 1209 821 1233 a
836 1197 1001 1233 dominis
1016 1196 1323 1244 procuratoribus

341 1259 440 1294 Item
466 1257 683 1294 conceditur
708 1257 898 1293 Florentio
923 1257 1148 1293 Bradshawe
1172 1260 1215 1292 vt
1242 1259 1285 1292 12
1310 1257 1463 1293 termini
1487 1257 1527 1293 in
1556 1256 1694 1304 quibus
1717 1256 1896 1293 lectiones

435 1316 643 1352 ordinaria-s
666 1316 816 1352 audiuit
836 1315 925 1352 licet
951 1327 1027 1351 non
1051 1315 1206 1351 omnino
1230 1315 1437 1351 secundum
1462 1315 1622 1352 formam
1647 1314 1784 1351 statuti
1808 1326 1895 1350 cum

434 1375 733 1423 oppositionibus
765 1373 1070 1422 responsionibus
1101 1378 1142 1410 et
1172 1374 1258 1410 aliis
1289 1374 1477 1411 exercitiis
1509 1386 1576 1421 per
1608 1375 1709 1422 regia
1747 1376 1895 1410 statuta

434 1434 627 1482 requisitis
643 1433 833 1470 sufficiant
848 1433 882 1470 ei
899 1433 947 1470 ad
964 1432 1267 1480 respondendum
1283 1433 1471 1480 questioni

342 1493 483 1530 Eadem
517 1493 639 1540 gratia
666 1492 714 1529 de
746 1492 859 1529 verbo
891 1493 930 1528 in
963 1491 1120 1528 verbum
1153 1491 1372 1528 conceditur
1404 1492 1547 1528 Thome
1579 1492 1726 1529 Oalcott
1752 1492 1896 1528 Thome

437 1552 666 1600 Dyckynson
682 1551 871 1588 Willelmo
889 1551 1048 1588 Pachett
1064 1554 1103 1587 et
1120 1551 1277 1598 Georgio
1294 1550 1449 1599 Otwaye

177 1658 204 1697 f·
229 1659 278 1696 34
300 1672 324 1696 a
345 1666 442 1702 Item
460 1665 677 1702 conceditur
694 1664 858 1701 Roberto
871 1664 982 1701 Shaw
998 1668 1041 1700 vt
1056 1667 1099 1700 12
1113 1663 1266 1700 termini
1279 1675 1366 1699 cum
1379 1675 1422 1700 eo
1435 1664 1475 1700 in
1487 1676 1562 1711 quo
1577 1664 1897 1700 determinaturus

437 1728 496 1761 est
513 1725 551 1760 in
569 1724 709 1771 quibus
724 1724 905 1760 lectiones
921 1723 1128 1760 ordinarias
1150 1722 1299 1759 audiuit
1320 1723 1408 1759 licet
1425 1735 1499 1759 non
1522 1723 1674 1759 omnino
1690 1721 1895 1759 secundum

438 1784 598 1819 formam
614 1784 751 1819 statuti
765 1795 852 1819 cum
865 1781 1166 1830 oppositionibus
1182 1785 1221 1818 et
1237 1782 1541 1829 responsionibus
1557 1794 1624 1829 per
1639 1782 1740 1829 regia
1751 1785 1898 1818 statuta

438 1843 631 1890 requisitis
647 1843 836 1879 sufficiant
852 1843 886 1879 ei
903 1842 951 1879 ad
969 1842 1270 1889 respondendum
1287 1842 1475 1889 questioni

345 1902 485 1939 Eadem
502 1902 624 1949 gratia
640 1901 686 1938 de
704 1901 816 1937 verbo
833 1902 871 1937 111
890 1900 1045 1937 verbum
1062 1901 1279 1937 conceditur
1296 1900 1483 1937 Willelmo
1501 1901 1744 1937 Sawnderson

348 1962 444 1998 [tem
468 1961 686 1997 conceditur
707 1961 846 1996 Joanni
869 1961 1024 1996 Watson
1051 1964 1091 1996 vt
1114 1960 1283 1996 studium
1307 1963 1471 2007 quatuor
1491 1972 1674 1997 annorum
1699 1961 1736 1997 in
1759 1960 1898 2007 quibus

439 2021 618 2057 lectiones
627 2020 837 2056 ordinarias
849 2019 998 2056 audiuit
1010 2020 1099 2056 licet
1112 2032 1185 2056 non
1200 2021 1352 2056 omnino
1365 2020 1570 2057 secundum
1584 2020 1742 2057 formam
1759 2020 1896 2057 statuti

439 2093 525 2117 cum
543 2079 843 2128 oppositionibus
860 2079 1166 2127 responsionibus
1182 2084 1221 2116 et
1237 2079 1322 2116 aliis
1344 2079 1530 2116 exercitiis
1553 2091 1618 2127 per
1634 2079 1735 2126 regia
1751 2082 1897 2116 statuta

441 2140 631 2186 requisitis
647 2139 835 2175 sufficiant
851 2139 884 2175 ei
902 2138 949 2175 ad
968 2138 1266 2186 respondendum
1283 2138 1470 2186 questioni

350 2200 445 2235 lieni
462 2198 679 2235 conceditur
694 2199 716 2234 J
721 2199 832 2235 oanni
851 2198 986 2234 Cowell
1005 2201 1046 2234 vt
1066 2201 1109 2234 12
1123 2198 1273 2235 termini
1289 2198 1326 2235 111
1345 2197 1483 2245 quibus
1498 2198 1674 2234 lectiones
1691 2197 1897 2234 ordinarias

441 2257 590 2294 audiuit
602 2258 689 2293 licet
704 2269 776 2294 11011
792 2257 946 2293 0111111110
958 2256 1164 2293 secundum
1179 2257 1335 2293 formam
1349 2257 1485 2293 statuti
1499 2268 1584 2293 011111
1598 2256 1897 2304 oppositionibus

443 2316 746 2365 responsionibus
762 2320 800 2353 et
816 2317 900 2353 aliis
912 2317 1098 2353 exercitiis
1112 2317 1216 2354 iuxta
1228 2320 1374 2354 statuta
1391 2316 1490 2364 regia
1503 2316 1693 2364 requisitis
1709 2317 1898 2354 sufficiant

441 2377 474 2413 oi
493 2375 540 2412 ed
558 2375 855 2424 respondendum
874 2376 1062 2423 ‹lineationi

352 2435 488 2472 Eadem
515 2436 637 2482 gratia
660 2435 706 2472 de
733 2435 844 2472 verbo
869 2436 906 2472 in
934 2434 1087 2472 verbum
1113 2434 1330 2471 conceditur
1356 2434 1518 2471 Henrico
1543 2434 1714 2482 Woorley
1740 2435 1897 2482 Georgio

446 2495 580 2543 Bullyn
600 2495 756 2541 Georgi«)
775 2495 887 2531 Batos
906 2494 1091 2531 Richardo
1108 2493 1343 2543 Armys[t]ed
1360 2498 1400 2530 et
1416 2494 1438 2530 J
1442 2506 1552 2530 oanni
1573 2493 1733 2531 Randall

318 2552 340 2595 Γ
355 2555 669 2592 Determinatores
693 2554 834 2602 collegii
863 2555 1010 2602 Regalis
1034 2554 1103 2591 hoc
1125 2566 1225 2591 anno
1246 2553 1385 2601 quibus
1411 2554 1530 2601 petita
1553 2554 1674 2601 gratia.
1699 2553 1802 2590 nulla
1824 2554 1898 2590 fuit

298 2621 311 2678 ί
445 2626 510 2650 nec
529 2613 603 2650 vlla
618 2625 793 2650 concessa
808 2612 1039 2661 dispensatio
1055 2615 1146 2649 sunt
1162 2611 1303 2649 domini
1322 2611 1477 2648 Carolus
1499 2611 1689 2659 Fyzwater
1705 2611 1896 2649 Adrianus

442 2676 578 2722 Sci-ope
589 2674 754 2711 Thomas
767 2673 945 2721 Hartleye
959 2672 1168 2709 Willelmus
1181 2672 1214 2709 K
1218 2683 1314 2720 ynge
1324 2672 1346 2708 J
1350 2671 1516 2709 ohannes
1528 2671 1668 2709 Barker
1680 2671 1896 2720 Rodolphus

445 2732 706 2781 Wsddyngton
726 2732 936 2769 willelmus
955 2731 1095 2780 Melym

353 2793 447 2830 loem
465 2792 682 2830 conceditur
698 2792 835 2829 Joanni
855 2792 983 2840 Rugge
1004 2795 1045 2828 vt
1070 2794 1113 2829 12
1137 2791 1286 2829 termini
1310 2790 1485 2839 completi
1503 2790 1541 2827 in
1564 2789 1702 2838 quibus
1719 2790 1896 2828 lectiones

442 2851 650 2890 ordinaries
673 2851 823 2889 audiuit
847 2851 934 2889 licet
959 2862 1032 2889 non
1058 2851 1211 2889 omnino
1234 2849 1439 2888 secundum
1465 2850 1622 2887 formam
1647 2850 1783 2888 statuti
1808 2862 1894 2888 oum
