1976 3276
297 155 383 196 238
878 167 1031 199 GRAcs
1062 169 1184 200 BooK
1218 169 1247 200 Δ
1621 159 1845 215 [1569-70

863 417 980 460 Ordo
1010 417 1277 460 senioritatis

531 542 587 577 Mr
605 542 708 588 King
944 542 999 577 M*
1018 541 1201 577 Howland
1385 542 1441 578 Mt
1458 543 1661 579 Barnewell

529 601 585 636 Mr
602 601 636 636 N
639 601 710 636 oke
939 602 995 636 Mr
1012 601 1185 648 Rokeray
1383 601 1438 636 Mt
1455 601 1589 637 Clarke

530 660 587 695 Μ’
603 659 727 695 Cooke
774 690 780 691 γ
940 659 996 695 Mr
1013 660 1192 707 Grundye
1384 660 1440 696 ΜΙΓ
1457 660 1584 697 Bucke

529 719 585 754 Mr
600 719 747 755 Fourde
939 720 993 755 Mr
1009 720 1181 756 Johnson
1384 721 1439 756 M:
1455 721 1654 768 Wylliams

529 778 586 814 Mi-
602 778 769 815 Holland
938 779 994 815 Mr
1011 779 1110 827 Styll

801 1014 1012 1058 Doctores
1041 1015 1088 1057 in
1118 1015 1340 1072 theologia

293 1148 521 1186 Conceditur
539 1153 582 1189 17
601 1150 797 1187 Februarii
821 1150 1003 1197 magistro
1026 1150 1118 1187 Tho.
1143 1150 1293 1188 Wattes
1315 1151 1578 1188 archidiacono
1601 1153 1783 1189 Midlesex
1804 1156 1848 1190 vt

385 1209 556 1246 studium
574 1223 597 1246 x
614 1221 800 1246 annorum
821 1210 861 1245 in
885 1209 1073 1256 theologia
1095 1212 1299 1258 postquam
1322 1211 1460 1247 rexerit
1480 1211 1519 1247 in
1542 1211 1690 1248 artibus
1711 1224 1798 1248 cum
1820 1225 1845 1248 x

383 1268 619 1305 sermonibus
647 1268 695 1305 ad
723 1268 907 1316 populum
934 1268 1172 1316 perficiendis
1200 1269 1300 1305 infra
1328 1281 1472 1305 annum
1501 1281 1569 1306 sue
1601 1269 1843 1307 admissionis

384 1328 547 1364 sufficiat
570 1328 604 1364 ei
629 1327 677 1364 ad
702 1327 961 1375 incipiendum
987 1329 1027 1364 in
1053 1340 1159 1364 sacra
1183 1329 1374 1376 theologia
1398 1329 1453 1365 sic
1478 1331 1521 1365 vt
1545 1329 1628 1366 eius
1659 1329 1842 1366 admissio

385 1390 463 1422 stet
486 1399 554 1434 pro
578 1386 775 1434 completis
803 1387 922 1434 gradu
951 1390 990 1423 et
1018 1387 1139 1423 forma
1171 1387 1391 1424 doctoratus
1424 1387 1464 1424 in
1497 1388 1628 1424 eadem
1661 1389 1844 1425 facultate

385 1446 563 1493 quoniam
588 1445 795 1493 impeditus
820 1446 967 1493 magnis
992 1446 1157 1493 negociis
1181 1445 1254 1482 sibi
1284 1458 1352 1493 per
1379 1446 1570 1493 regineam
1601 1447 1841 1483 maiestatem

383 1506 595 1542 commissis
610 1517 685 1541 non
702 1509 830 1553 potest
842 1506 1023 1553 proximis
1039 1505 1204 1542 comitiis
1221 1505 1403 1542 interesse
1451 1506 1696 1543 Presentatus
1711 1506 1842 1543 eodem

384 1577 452 1612 per
466 1565 659 1601 doctorem
677 1565 911 1612 Whitegyfte

107 1617 131 1655 f·
160 1617 272 1655 1028-
290 1623 519 1660 Conceditur
542 1627 588 1660 24
611 1623 756 1671 Aprilis
777 1623 958 1670 magistro
980 1622 1073 1660 Tho.
1099 1623 1232 1670 Lakyn
1255 1626 1299 1659 vt
1321 1622 1494 1660 studium
1521 1626 1565 1660 12
1589 1635 1776 1661 annorum
1801 1625 1841 1662 in

384 1684 572 1731 theologia
592 1687 795 1731 postquam
815 1683 954 1719 rexerit
974 1683 1014 1719 in
1035 1682 1183 1719 artibus
1207 1694 1294 1719 cum
1317 1682 1367 1730 xij
1393 1682 1630 1719 sermonibus
1653 1684 1701 1720 ad
1724 1696 1841 1732 popu-

383 1743 463 1779 lum
480 1743 643 1779 sufficiat
660 1743 694 1779 ei
712 1742 760 1779 ad
777 1741 1037 1789 incipiendum
1055 1742 1095 1778 in
1112 1742 1301 1789 theologia
1321 1742 1376 1778 sic
1396 1744 1439 1778 vt
1461 1743 1544 1779 eius
1563 1742 1743 1779 admissio
1765 1746 1843 1780 stet

383 1814 451 1849 pro
474 1803 672 1850 completis
688 1802 808 1849 gradu
825 1806 864 1837 et
881 1802 1003 1837 forma
1019 1801 1240 1838 doctoratus
1256 1802 1295 1837 in
1313 1801 1443 1838 eadem
1462 1802 1645 1839 facultate
1661 1803 1840 1850 quoniam

383 1867 537 1910 propter
554 1862 707 1909 negocia
722 1874 792 1898 sua
816 1862 998 1908 proximis
1018 1862 1184 1898 comitiis
1207 1862 1390 1898 interesse
1412 1874 1488 1898 non
1511 1865 1639 1910 potest
1689 1863 1842 1899 Prosen-

382 1926 488 1958 tatus
503 1921 635 1958 eodem
653 1933 720 1968 per
736 1921 929 1957 doctorem
948 1921 1181 1968 Whitegyfte

288 1981 516 2018 Conceditur
544 1984 588 2017 10
609 1981 717 2017 Junii
742 1982 923 2028 magistro
949 1980 1058 2018 Edm.
1083 1980 1224 2016 Freeke
1250 1980 1436 2016 sacellano
1459 1980 1612 2017 domine
1635 1980 1776 2028 Regine
1797 1985 1840 2018 vt

382 2041 552 2077 studium
579 2044 626 2077 20
647 2052 834 2076 annorum
858 2041 897 2076 in
921 2039 1110 2086 theologia
1132 2042 1335 2087 postquam
1358 2039 1499 2075 rexerit
1521 2039 1561 2075 in
1584 2038 1732 2076 artibus
1753 2051 1840 2076 cum

383 2098 432 2145 xij
464 2097 702 2134 sermonibus
726 2097 774 2133 ad
800 2096 982 2144 populum
1007 2107 1168 2143 quorum
1195 2107 1293 2132 vnus
1317 2096 1369 2132 sit
1394 2096 1434 2132 in
1463 2095 1619 2132 ecclesia
1651 2096 1840 2134 academie

382 2160 471 2192 ante
493 2155 647 2191 comitia
669 2154 839 2202 proxima
861 2154 1025 2190 sufficiat
1046 2154 1080 2190 ei
1103 2152 1152 2189 ad
1178 2153 1435 2201 incipiendum
1459 2153 1499 2189 in
1521 2165 1627 2190 sacra
1653 2153 1840 2201 theologia

381 2214 435 2250 sic
453 2216 495 2249 vt
510 2214 592 2250 eius
607 2212 788 2249 admissio
805 2215 882 2249 stet
902 2224 970 2260 pro
990 2212 1189 2260 completis
1210 2212 1329 2259 gradu
1350 2215 1389 2249 et
1411 2212 1534 2249 forma
1556 2211 1775 2249 doctoratus
1797 2213 1838 2250 in

381 2274 510 2311 eadem
528 2273 709 2309 facultate

287 2334 515 2371 Conceditur
532 2336 579 2369 30
594 2333 616 2369 J
622 2332 701 2369 unii
719 2332 840 2368 eidem
859 2332 1040 2379 magistro
1064 2331 1172 2368 Edm.
1193 2330 1335 2368 Freeke
1357 2331 1417 2367 cui
1440 2330 1698 2379 superioribus
1721 2331 1838 2370 hiisce

381 2392 514 2428 diebus
542 2391 781 2427 concessistis
805 2391 966 2438 gratiam
991 2390 1040 2427 ad
1074 2389 1329 2437 incipiendum
1356 2389 1395 2426 in
1421 2402 1528 2426 sacra
1552 2389 1740 2437 theologia
1771 2403 1839 2439 per

383 2451 534 2497 negocia
550 2450 711 2497 quedam
735 2462 801 2498 por
823 2450 1024 2497 Regineam
1050 2449 1287 2486 maiestatem
1311 2448 1365 2485 illi
1388 2449 1590 2485 commissa
1613 2461 1687 2485 non
1710 2454 1839 2498 posset

384 2512 419 2547 in
440 2510 603 2558 presenti
622 2509 669 2546 ad
687 2508 918 2546 academiam
936 2508 1110 2545 accedero
1132 2508 1232 2544 sicut
1252 2512 1500 2555 proposuerat
1524 2508 1647 2556 placet
1670 2508 1776 2546 vobis
1796 2514 1840 2547 vt

382 2570 510 2607 concio
527 2569 572 2606 ad
591 2580 705 2616 quam
724 2569 870 2605 ratione
886 2568 1053 2605 eiusdem
1071 2568 1320 2604 concessionis
1338 2570 1489 2604 tenetur
1506 2568 1625 2615 possit
1641 2567 1781 2605 differri
1798 2569 1837 2607 in

383 2628 546 2666 reditum
566 2628 732 2664 ciusdem
756 2628 925 2675 magistri
953 2627 1054 2664 Edm.
1077 2627 1214 2663 Froeko
1236 2631 1275 2663 et
1299 2633 1340 2663 vt
1365 2628 1482 2675 possit
1503 2626 1657 2664 admitti
1680 2640 1767 2665 oum
1789 2628 1836 2666 ad

380 2688 611 2725 acadmnimn
633 2687 833 2724 accesserit
854 2686 902 2724 ad
923 2686 1106 2735 placitum
1127 2686 1207 2722 sive
1230 2686 1268 2722 in
1292 2686 1454 2723 termino
1478 2687 1558 2723 sive
1580 2689 1686 2724 extra
1711 2689 1838 2725 termi-

382 2759 472 2784 num
500 2746 610 2783 modo
637 2746 672 2783 id
702 2747 767 2783 flat
792 2750 881 2783 anto
908 2747 1046 2782 festum
1076 2745 1233 2781 Dionisii
1259 2745 1470 2793 proximum
1494 2749 1532 2781 et
1557 2746 1777 2783 convivetur
1798 2747 1837 2783 in

380 2808 544 2845 comitiis
568 2807 679 2844 huius
701 2807 791 2843 anni
847 2807 1089 2843 Prosentatus
1110 2807 1156 2841 20
1174 2805 1335 2851 Augusti
1355 2816 1420 2854 per
1436 2804 1628 2844 doctorem
1648 2805 1837 2854 Whitgyft

380 2877 418 2905 ot
435 2868 625 2905 munimus
641 2866 770 2904 ‹mdc-111
