2008 3216
113 1797 260 1837 fi5la

341 146 426 187 128
924 158 1075 192 emon
1106 159 1231 191 BooK
1262 159 1292 190 Δ
1670 146 1892 204 [1557-58

806 426 1103 469 Practicantes
1133 425 1180 468 in
1211 425 1428 469 medicina

339 539 439 576 Item
458 543 494 575 1⁰
515 540 540 576 J
542 541 611 576 ulii
632 541 850 577 conceditur
872 542 1052 588 magistro
1075 541 1280 578 Shereman
1303 544 1346 578 vt
1367 541 1539 579 studium
1561 541 1690 579 decem
1709 553 1893 578 annorum

433 599 472 635 in
489 599 676 636 medicina
692 600 855 636 sufficiat
871 601 905 636 ei
922 600 970 637 ad
986 601 1272 648 practicandum
1289 601 1330 637 in
1346 601 1477 638 eadem
1499 602 1554 638 sic
1569 604 1613 638 vt
1628 602 1709 638 eius
1732 601 1894 638 eruditio

431 656 663 703 approbetur
686 669 754 704 per
777 657 872 694 duos
897 658 1069 695 doctores
1093 658 1262 695 eiusdem
1291 658 1485 695 facultatis
1509 661 1548 695 et
1572 670 1684 706 super
1707 659 1778 696 hac
1806 671 1892 696 con·

432 716 597 751 cessione
613 719 738 752 vestra
754 717 883 753 literas
899 717 1037 754 habeat
1053 718 1236 764 sigillatas
1251 718 1373 765 sigillo
1388 721 1513 755 vestro
1529 719 1719 755 communi

552 787 677 833 (vacat
693 788 784 834 quia
801 800 990 835 nusquam
1007 789 1167 825 accessit
1183 789 1231 825 ad
1249 789 1482 825 academiam
1499 789 1663 838 maryin)
1724 798 1737 802 “

794 1050 1106 1094 Bacehalaurei
1135 1051 1180 1093 in
1213 1051 1433 1108 theologia

335 1178 434 1214 Item
468 1181 507 1214 2⁰
534 1178 559 1214 J
562 1177 629 1214 ulii
657 1177 875 1214 conceditur
899 1178 1080 1224 magistro
1113 1177 1232 1225 Bayly
1257 1182 1300 1214 vt
1332 1177 1503 1214 studium
1529 1181 1675 1225 septem
1706 1190 1892 1215 annorum

428 1237 468 1273 in
485 1236 671 1283 theologia
687 1239 891 1283 postquam
908 1236 1047 1272 rexerit
1069 1236 1109 1272 in
1130 1235 1278 1272 artibus
1294 1248 1369 1272 vna
1385 1248 1472 1272 cum
1493 1236 1641 1273 duobus
1656 1236 1893 1274 sermonibus

428 1308 502 1332 vno
517 1296 566 1332 ad
582 1295 724 1332 clerum
741 1299 780 1332 et
796 1296 915 1332 altero
937 1295 984 1332 ad
1003 1307 1152 1332 crucem
1178 1296 1285 1332 Pauli
1308 1299 1348 1332 et
1370 1307 1445 1332 vna
1466 1296 1706 1343 responsione
1722 1296 1892 1334 facienda

427 1359 517 1392 ante
535 1355 676 1392 festum
699 1355 895 1391 Paschatis
911 1355 1080 1402 proxime
1101 1356 1295 1402 sequentis
1317 1354 1388 1391 sub
1410 1366 1507 1402 pena
1531 1358 1694 1402 quatuor
1709 1355 1891 1393 librarum

427 1416 468 1452 in
500 1414 676 1452 manibus
700 1418 985 1462 procuratorum
1012 1417 1102 1451 ante
1133 1415 1216 1452 eius
1239 1414 1506 1451 admissionem
1531 1414 1788 1462 ponendarum
1814 1417 1890 1452 suf-

427 1476 530 1512 ficiat
561 1475 595 1511 ei
619 1478 701 1511 tam
729 1475 778 1511 ad
810 1475 1076 1523 opponendum
1109 1487 1226 1523 quam
1258 1474 1307 1511 ad
1339 1474 1562 1511 intrandum
1586 1475 1627 1511 in
1659 1474 1775 1511 libros
1806 1487 1889 1512 sen-

427 1534 635 1570 tentiarum
662 1533 858 1580 (forisfecit
882 1538 921 1570 et
946 1534 1062 1570 solvit
1085 1534 1250 1581 maryin)

537 1794 688 1838 Gratie
720 1793 838 1837 varie
869 1799 914 1837 et
946 1793 1114 1837 nullam
1146 1794 1328 1836 formam
1360 1799 1670 1838 concernentes

334 1921 460 1958 Placet
475 1921 583 1958 vobis
600 1925 642 1958 vt
658 1934 780 1958 sermo
796 1922 844 1959 ad
861 1922 1003 1958 clerum
1026 1921 1073 1958 ad
1090 1933 1203 1969 quem
1221 1925 1374 1959 tenetur
1389 1923 1569 1970 magister
1587 1923 1727 1972 Pauley
1742 1924 1889 1961 ratione

425 1981 564 2028 gradus
580 1981 639 2018 sui
656 1982 821 2029 suscepti
838 1982 959 2029 possit
974 1981 1144 2018 conuerti
1161 1982 1201 2018 in
1218 1993 1282 2018 sex
1299 1994 1489 2019 sermones
1504 1982 1552 2019 ad
1569 1983 1750 2031 populum

331 2040 559 2077 Conceditur
586 2040 729 2077 doctori
758 2041 925 2077 Heskins
954 2044 998 2077 ut
1021 2040 1231 2088 disputatio
1255 2044 1294 2078 et
1318 2041 1584 2079 determinatio
1608 2042 1815 2091 theologica
1838 2043 1887 2080 ad

426 2110 522 2146 quas
538 2101 690 2136 tenetur
705 2098 845 2136 differri
862 2098 1009 2147 possint
1026 2099 1065 2135 in
1087 2099 1302 2147 proximum
1318 2111 1461 2137 annum
1485 2101 1539 2137 sic
1556 2101 1657 2148 quod
1674 2102 1768 2138 fiant
1792 2102 1887 2139 citra

426 2158 565 2194 festum
585 2157 725 2194 Pasche
740 2157 953 2205 proximum

332 2216 474 2253 Eadem
490 2217 612 2263 gratia
628 2216 845 2253 conceditur
860 2216 895 2253 d.
915 2216 1072 2252 Bullock
1089 2219 1135 2253 23
1152 2216 1175 2252 J
1179 2216 1259 2253 unii
1281 2219 1372 2253 1558

332 2276 559 2313 Conceditur
576 2281 618 2313 vt
640 2276 810 2324 magistri
834 2276 1015 2323 Alington
1033 2280 1072 2313 et
1098 2277 1319 2323 Longworth
1343 2277 1490 2325 possint
1509 2290 1553 2314 ex
1577 2280 1701 2315 vestra
1722 2278 1888 2316 authori-

425 2341 506 2374 tate
521 2349 601 2374 esse
617 2337 889 2374 examinatores
906 2337 1215 2374 determinatores
1232 2337 1344 2374 istius
1360 2338 1450 2375 anni

331 2395 559 2432 Conceditur
583 2398 625 2431 vt
646 2396 801 2443 exequie
825 2394 1045 2432 celebrande
1067 2395 1107 2431 in
1128 2394 1190 2432 die
1218 2395 1386 2432 cinerum
1413 2396 1582 2443 proximo
1606 2408 1673 2444 per
1696 2399 1887 2435 statutum
1963 2410 1968 2415 ·

424 2454 564 2492 differri
599 2455 718 2503 possit
752 2455 790 2492 in
822 2455 923 2492 diem
962 2455 1072 2492 Jouis
1104 2458 1325 2503 sequentem
1359 2458 1512 2503 propter
1542 2455 1734 2493 solennem
1765 2456 1886 2494 deter-

425 2514 670 2554 minationem
696 2513 909 2551 habendam
934 2513 1064 2551 eodem
1091 2514 1152 2551 die

331 2570 601 2619 Dispensatum
621 2574 680 2607 est
702 2582 787 2607 cum
810 2570 990 2617 magistro
1015 2570 1158 2607 Fui-the
1180 2570 1362 2619 superiori
1385 2582 1484 2607 anno
1507 2570 1545 2607 in
1566 2570 1651 2618 jure
1675 2571 1777 2608 ciuili
1800 2571 1884 2609 bac-

426 2629 625 2666 chalaureo
650 2629 698 2666 de
733 2641 806 2666 non
842 2629 998 2676 legendo
1025 2629 1080 2666 sic
1109 2629 1211 2677 quod
1244 2629 1369 2666 soluat
1401 2629 1641 2667 vniuersitati
1671 2629 1766 2678 xiijs
1795 2631 1886 2680 iiijd

424 2688 641 2725 Consimilis
666 2688 788 2736 gratia
814 2687 1033 2725 conceditur
1057 2689 1237 2736 magistro
1263 2689 1386 2726 Baker

329 2748 557 2786 Conceditur
580 2748 759 2795 magistro
785 2747 947 2785 Holiand
969 2752 1013 2784 ut
1037 2747 1198 2795 gaudere
1222 2748 1341 2796 possit
1363 2752 1490 2785 vestra
1511 2748 1744 2786 authoritate
1766 2750 1886 2788 officio

424 2805 646 2842 acnitatoria
675 2817 850 2842 vasorum
879 2806 961 2842 siue
994 2808 1037 2842 vt
1066 2809 1202 2843 vocant
1230 2806 1457 2854 gaugiatoris
1489 2809 1529 2843 et
1560 2818 1674 2855 super
1706 2807 1775 2844 hac
1799 2821 1883 2845 con-

425 2863 590 2902 censione
617 2867 741 2901 vestra
765 2864 894 2902 literas
918 2863 1057 2902 habeat
1080 2864 1265 2912 sigillatas
1288 2864 1410 2913 sigillo
1434 2868 1559 2902 vestro
1583 2867 1773 2903 communi
