2008 3216
344 164 428 204 122
930 175 1082 206 emon
1113 175 1237 207 BOOK
1268 176 1298 206 Δ
1672 163 1890 221 [1556-57

183 486 209 523 f.
233 485 324 523 4822
557 486 709 529 Gratie
739 486 856 529 varie
887 491 932 528 et
963 485 1130 528 nullam
1162 486 1344 530 formam
1375 492 1685 530 concernentes

343 630 389 666 In
414 630 548 677 primis
571 629 789 665 conceditur
810 632 853 666 vt
877 641 1007 666 omnes
1031 629 1266 666 admittendo
1291 633 1330 666 et
1354 630 1588 667 concedende
1610 642 1678 677 per
1697 629 1894 666 dominum

436 687 779 725 vicecancellarium
799 687 970 724 doctores
986 688 1117 735 Yonge
1140 688 1279 724 Mowse
1301 691 1340 724 et
1356 688 1510 725 Walker
1530 689 1730 735 magistros
1745 687 1840 725 Yale
1855 691 1895 724 et

435 747 612 795 Vyncent
636 746 783 794 possint
806 758 1024 783 concurrere
1048 747 1088 782 in
1111 749 1276 794 quatuor
1296 747 1648 795 congregacionibus
1669 747 1781 784 istius
1803 747 1894 783 anni

437 806 500 842 Ita
515 805 616 853 quod
632 804 771 851 singuli
786 805 1134 852 prenominatorum
1153 807 1383 843 vnanimiter
1398 806 1637 843 consentiant

342 865 441 902 Item
475 864 694 900 conceditur
721 866 764 900 vt
795 864 1056 911 acquietancia
1083 877 1152 912 pro
1180 865 1224 901 ΧΠ
1253 865 1476 913 recipiendis
1504 877 1527 902 a
1554 865 1724 903 skacario
1751 864 1895 901 domini

436 924 548 971 Regis
575 935 644 971 pro
670 923 838 970 exequiis
871 923 983 971 Regis
1012 924 1169 960 Henrici
1198 925 1350 972 septimi
1380 925 1592 973 sigillentur
1619 925 1742 972 sigillo
1770 927 1895 961 vestro

435 983 627 1019 communi

341 1043 441 1079 Item
467 1042 686 1078 conceditur
710 1044 754 1079 vt
780 1041 957 1078 dominus
982 1042 1308 1080 vicecancellarius
1334 1056 1409 1080 vna
1434 1056 1521 1080 cum
1547 1043 1738 1090 magistris
1767 1043 1895 1090 Swyn-

434 1101 551 1138 borne
597 1101 754 1148 Mapted
797 1104 836 1137 et
877 1101 1182 1148 procuratoribus
1232 1103 1380 1150 possint
1435 1103 1596 1139 scrutari
1647 1105 1895 1139 monumenta

434 1159 694 1196 vniuersitatis
717 1159 758 1195 in
782 1158 888 1195 cistis
912 1159 1077 1206 reposita
1101 1160 1140 1196 in
1166 1160 1426 1197 visitacionem
1450 1161 1527 1197 iam
1550 1161 1720 1197 futuram

341 1219 441 1255 Item
465 1217 683 1255 conceditur
704 1220 747 1253 vt
771 1218 941 1264 magistri
965 1217 1136 1254 Wendon
1159 1222 1199 1255 et
1221 1219 1368 1255 Turner
1389 1219 1468 1256 sint
1489 1219 1764 1256 examinatores
1785 1230 1893 1266 ques-

434 1278 677 1314 tionistarum
693 1276 765 1312 hoc
780 1288 880 1312 anno

342 1339 441 1374 Item
464 1337 682 1374 conceditur
698 1340 741 1373 vt
762 1339 910 1373 statuta
932 1337 1030 1373 Aule
1051 1336 1099 1373 de
1122 1337 1230 1374 Clare
1251 1337 1400 1384 possint
1421 1338 1534 1374 eximi
1551 1349 1571 1374 e
1587 1338 1684 1374 cista
1703 1337 1895 1374 communi

435 1397 694 1434 vniuersitatis
710 1400 750 1433 et
766 1397 917 1433 restitui
934 1397 1030 1433 citra
1045 1397 1186 1433 festum
1204 1397 1346 1433 Pasche
1362 1397 1575 1445 proximum

342 1457 441 1493 Item
465 1456 683 1493 conceditur
707 1458 748 1492 vt
774 1456 961 1492 terminus
985 1455 1096 1492 hodie
1120 1456 1276 1493 dissolui
1303 1457 1424 1504 possit
1448 1469 1523 1493 non
1548 1457 1724 1494 obstante
1747 1459 1895 1494 statuto

434 1516 488 1553 sic
510 1516 612 1563 quod
633 1515 913 1563 disputaciones
935 1516 1088 1552 interim
1111 1516 1232 1553 fiende
1253 1519 1437 1564 tanquam
1456 1517 1555 1554 facte
1574 1520 1798 1554 censeantur
1813 1519 1893 1554 tam

433 1588 509 1623 quo
524 1575 572 1612 ad
590 1576 790 1623 magistros
805 1575 1068 1622 disputaturos
1085 1587 1200 1623 quam
1217 1587 1293 1623 quo
1309 1576 1358 1613 ad
1374 1575 1538 1613 bedellos

340 1636 438 1672 Item
461 1634 679 1672 conceditur
699 1638 743 1671 vt
763 1635 1051 1672 determinaturi
1075 1635 1145 1672 hoc
1167 1647 1267 1672 anno
1289 1636 1437 1683 possint
1458 1635 1682 1684 respondere
1703 1636 1894 1683 questioni

432 1698 518 1742 post
534 1694 675 1731 festum
691 1694 965 1742 purificationis
981 1706 1056 1730 non
1074 1694 1250 1731 obstante
1267 1697 1414 1731 statuto

339 1754 438 1791 Item
465 1753 682 1791 conceditur
705 1756 748 1790 vt
772 1753 984 1790 Willelmus
1012 1754 1170 1790 Burwell
1196 1754 1249 1790 sit
1274 1766 1371 1790 vnus
1397 1765 1442 1790 ex
1467 1753 1788 1802 appreciatoribus
1812 1754 1894 1791 siue

431 1812 667 1849 stacionariis
688 1812 904 1848 achademie
925 1814 966 1848 et
987 1824 1100 1859 super
1119 1811 1188 1848 hac
1209 1813 1446 1850 concessione
1462 1816 1589 1850 vestra
1609 1812 1747 1850 habeat
1763 1813 1894 1850 literas

429 1872 613 1919 sigillatas
629 1870 751 1919 sigillo
767 1874 893 1908 vestro
909 1872 1100 1908 communi

337 1930 435 1967 Item
464 1929 684 1967 conceditur
710 1933 754 1966 vt
783 1930 880 1966 ratio
912 1929 1007 1966 ciste
1038 1930 1251 1966 communis
1279 1933 1318 1966 et
1346 1930 1507 1967 aliarum
1539 1931 1722 1967 cistarum
1750 1930 1893 1968 differri

429 1990 549 2037 possit
610 1989 672 2025 Sic
696 1988 797 2037 quod
822 1989 949 2036 perfici
974 1989 1094 2036 possit
1118 1989 1215 2026 citra
1238 1989 1379 2026 festum
1404 1990 1525 2026 sancti
1552 1989 1703 2026 Andree

337 2049 436 2086 Item
464 2048 681 2085 conceditur
709 2052 751 2085 vt
779 2047 973 2085 Johannes
1003 2049 1107 2085 Mere
1135 2048 1304 2086 bedellus
1332 2049 1493 2097 gaudere
1522 2050 1643 2098 possit
1671 2052 1798 2086 vestra
1826 2061 1891 2087 au-

431 2108 614 2145 thoritate
640 2107 760 2144 officio
786 2108 1009 2145 scrutatoris
1033 2120 1208 2145 vasorum
1235 2108 1316 2145 siue
1341 2110 1399 2156 (vt
1423 2110 1576 2156 vocant)
1599 2109 1830 2156 gaugiatoris
1854 2113 1893 2146 et

430 2181 543 2218 super
568 2169 638 2205 hac
664 2172 790 2205 vestra
816 2169 1054 2205 concessione
1083 2167 1222 2206 habeat
1250 2168 1380 2206 literas
1408 2168 1592 2216 sigillatas
1617 2168 1740 2216 sigillo
1766 2172 1892 2206 vestro

428 2228 619 2264 communi

337 2289 435 2326 Item
457 2288 675 2325 conceditur
691 2291 733 2324 vt
754 2288 925 2335 magistri
950 2287 1178 2336 Swynborne
1195 2291 1235 2325 et
1258 2287 1418 2336 Moptyd
1438 2288 1585 2336 possint
1601 2300 1682 2326 esse
1699 2289 1892 2326 auditores

430 2348 524 2385 ciste
539 2347 751 2384 communis
766 2358 854 2384 cum
870 2346 1022 2384 doctore
1039 2347 1171 2396 Harvy
1187 2350 1226 2384 et
1243 2347 1422 2395 magistro
1440 2346 1534 2383 Yale

339 2407 436 2444 Item
466 2407 684 2444 conceditur
710 2409 753 2444 vt
781 2406 1001 2455 Rodolphus
1031 2407 1265 2455 Standysshe
1292 2407 1353 2444 hic
1378 2406 1480 2454 apud
1506 2418 1574 2443 vos
1600 2407 1784 2444 medicine
1810 2419 1892 2456 pro-

431 2466 548 2503 fessor
571 2466 708 2503 habeat
729 2466 859 2503 literas
881 2466 1179 2504 conuersacionis
1202 2469 1242 2503 et
1263 2466 1400 2514 gradus
1422 2465 1604 2513 sigillatas
1626 2466 1748 2514 sigillo
1768 2471 1892 2504 vestro

430 2536 621 2562 commum

340 2585 436 2622 Item
459 2583 678 2620 conceditur
694 2585 736 2620 vt
755 2583 978 2631 compositio
999 2595 1066 2631 pro
1082 2582 1263 2620 electione
1283 2586 1568 2631 procuratorum
1585 2582 1810 2620 reformetur
1825 2595 1892 2631 per

432 2643 642 2691 prepositos
661 2642 899 2689 collegiorum
923 2646 963 2678 et
980 2646 1057 2679 tres
1077 2642 1115 2678 in
1133 2641 1303 2689 qualibet
1320 2641 1500 2679 facultate
1522 2641 1696 2679 videlicet
1720 2641 1892 2679 doctores

433 2702 562 2749 Yonge
586 2701 716 2750 Harvy
733 2700 886 2738 Walker
911 2701 1080 2738 Ilatcher
1095 2705 1134 2738 et
1152 2701 1245 2738 Yale
1263 2701 1462 2748 magistros
1484 2700 1713 2749 Swynborne
1736 2701 1891 2749 Mapted

433 2761 563 2810 Myoeh
596 2761 721 2798 Raven
752 2761 889 2797 stokes
919 2761 1052 2809 Bar-loy
1078 2764 1118 2798 et
1146 2760 1301 2809 Otwaye
1329 2771 1403 2797 vna
1428 2771 1514 2797 cum
1544 2759 1697 2797 domino
1724 2761 1890 2797 vicecan-

431 2821 581 2859 cellario
609 2823 649 2857 et
678 2818 983 2868 procuratoribus
1013 2819 1119 2856 iuxta
1147 2822 1316 2856 tenorem
1347 2818 1591 2855 iniunctionis
1620 2819 1802 2867 superiori
1831 2818 1892 2856 die

430 2892 555 2918 coram
580 2878 685 2916 vobis
712 2879 805 2916 lecte
