2008 3216
194 642 221 680 s.
243 642 341 679 841>

363 148 444 189 192
941 159 1092 190 GRACE
1124 159 1247 190 BOOK
1279 161 1308 189 Δ
1687 149 1820 205 [1565
1829 151 1908 192 -66

969 650 1302 706 [1565-1566]

358 781 522 824 Gratiae
577 782 669 825 sive
728 782 965 840 petitiones
1017 798 1215 826 concesse
1276 784 1321 825 in
1381 784 1513 840 plena
1572 784 1911 842 congregacione

481 851 745 906 Regentium
776 859 822 895 et
858 868 943 894 non
979 852 1246 909 Regentium
1281 869 1307 895 a
1341 853 1450 895 festo
1492 853 1644 896 Sancti
1685 853 1911 896 Michaelis

475 922 739 979 Archangeli
771 922 900 965 Anno
939 922 1107 965 domini
1139 925 1250 966 1565
1285 938 1417 979 vsque
1453 923 1569 966 idem
1603 923 1764 966 ‘festum
1804 930 1910 967 tunc

475 991 669 1048 proxime
717 1007 902 1048 sequens
949 993 1151 1035 «Iohanne
1193 991 1351 1035 Stokes
1392 1007 1511 1034 sacre
1554 992 1772 1049 theologie
1813 1008 1909 1049 pro-

476 1062 634 1104 fessore
677 1071 781 1105 tunc
827 1063 1158 1120 procancellario
1203 1070 1248 1105 et
1294 1063 1399 1106 Tho.
1449 1063 1600 1120 Bynge
1650 1069 1696 1106 et
1743 1064 1911 1107 Thema

479 1132 659 1175 Preston
702 1132 1050 1190 procuratoribus

360 1255 589 1292 Conceditur
618 1259 663 1292 13
692 1257 868 1294 Octobris
893 1261 935 1294 vt
959 1270 1089 1294 omnes
1114 1258 1232 1305 gratie
1257 1258 1493 1294 admittende
1517 1270 1584 1305 per
1607 1257 1802 1294 dominum
1827 1270 1910 1305 pro-

454 1315 718 1352 cancellarium
741 1316 912 1353 doctores
937 1317 1115 1353 Hawford
1140 1317 1270 1364 Harvy
1295 1320 1334 1353 et
1360 1317 1530 1353 Hatcher
1553 1317 1752 1364 magistros
1777 1317 1848 1353 Par
1869 1321 1909 1354 et

454 1374 627 1422 Woorley
650 1375 796 1422 possint
820 1387 1039 1411 concurrere
1062 1376 1101 1411 in
1124 1376 1289 1423 quatuor
1310 1375 1661 1422 congregationibus
1684 1375 1797 1412 huius
1819 1376 1910 1413 anni

454 1434 508 1469 sic
525 1436 568 1469 vt
584 1446 714 1470 omnes
731 1435 974 1470 consentiant

984 1642 1284 1696 Questioniste

360 1755 587 1792 Conceditur
603 1759 626 1791 4
644 1755 861 1792 Decembris
877 1755 901 1791 J
904 1756 1043 1792 ohanni
1061 1755 1188 1791 Crowe
1208 1758 1248 1791 vt
1268 1757 1310 1790 12
1329 1755 1482 1791 termini
1507 1755 1546 1791 in
1572 1754 1712 1802 quibus
1731 1754 1911 1792 lectiones

454 1814 662 1851 ordinarias
685 1814 835 1851 audiuit
859 1815 947 1851 licet
970 1827 1045 1851 non
1070 1814 1224 1850 omnino
1250 1813 1457 1850 secundum
1481 1814 1641 1850 formam
1663 1814 1802 1850 statuti
1824 1826 1910 1851 cum

453 1874 753 1922 oppositionibus
786 1873 1093 1922 responsionibus
1125 1879 1165 1910 et
1197 1874 1282 1909 aliis
1315 1873 1503 1909 exercitiis
1538 1885 1604 1920 per
1631 1877 1780 1910 statuta
1809 1874 1910 1921 regia

454 1931 646 1981 requisitis
669 1934 860 1970 sufficiant
883 1934 917 1970 ei
943 1933 990 1970 ad
1016 1933 1317 1980 respondendum
1341 1933 1530 1979 questioni

362 1991 501 2028 Eadem
519 1993 640 2039 gratia
656 1993 874 2029 conceditur
890 1992 1021 2029 eodem
1039 1993 1131 2029 Tho.
1151 1992 1312 2028 Stallerd
1330 1993 1353 2028 J
1357 2005 1387 2028 ο.
1409 1992 1548 2028 Barker
1565 1992 1587 2028 J
1591 2004 1622 2029 o.
1642 1992 1809 2040 Higham

363 2050 501 2087 Eadem
530 2051 652 2098 gratia
680 2051 896 2087 conceditur
927 2051 989 2099 viij
1022 2051 1214 2087 Februarii
1245 2050 1336 2087 Rob.
1369 2051 1491 2087 Baker
1517 2051 1644 2088 Godfr.
1675 2051 1911 2088 Golsborowe

453 2109 638 2146 Willelmo
657 2109 805 2146 Holden
818 2110 880 2146 Ψο
898 2110 1069 2146 Denman
1087 2109 1150 2145 Ψυ
1171 2109 1317 2145 Pollard
1335 2110 1426 2146 Tho.
1447 2109 1630 2157 Whitfyld
1650 2110 1727 2147 Ric.
1747 2109 1910 2146 Woddes

456 2169 532 2206 Pet.
560 2169 756 2217 Soerlynge
782 2169 873 2206 Tho.
902 2169 1052 2216 Maryat
1080 2168 1169 2205 Rob.
1199 2168 1360 2204 Andrew
1382 2169 1441 2205 Jo.
1467 2168 1675 2215 Maplisden
1701 2169 1764 2204 Ψο
1790 2168 1911 2204 Harte

455 2226 546 2264 Rob.
565 2228 724 2264 Travers
744 2227 851 2264 Geor.
876 2227 1075 2275 Mydylton
1098 2227 1156 2263 Jo.
1183 2227 1356 2263 Moorton
1382 2226 1472 2263 Rob.
1498 2227 1613 2263 Hales
1632 2226 1695 2263 Ψο
1712 2226 1908 2263 Wentford

454 2287 544 2323 Tho.
565 2287 757 2335 Bromfyld
782 2287 878 2324 Hen.
905 2287 1110 2334 Rernchyin
1130 2287 1192 2323 Ψο
1209 2286 1367 2334 Smythe
1390 2286 1413 2322 J
1417 2299 1447 2323 0.
1476 2285 1654 2322 Percivall
1675 2285 1792 2322 Anth.
1812 2285 1909 2322 Alen

453 2346 510 2384 Jo.
541 2346 680 2394 Motley
714 2347 789 2383 Ric.
820 2347 945 2394 Cosyn
976 2346 1039 2382 Ψο
1068 2346 1235 2383 Walford
1264 2346 1327 2382 Ψο
1355 2346 1540 2393 Petynger
1566 2345 1657 2382 Tho.
1683 2346 1793 2381 Ware
1817 2344 1908 2382 Rob.

453 2406 575 2441 Swete
592 2405 682 2440 Tho.
709 2405 855 2441 Norton
880 2406 981 2452 Step.
1009 2404 1214 2441 Richcman
1232 2404 1288 2440 J0.
1311 2404 1427 2440 Freke
1446 2403 1547 2440 Edw.
1568 2403 1672 2451 Ellys
1688 2403 1746 2440 Jo.
1767 2403 1909 2451 Myllen

452 2465 510 2502 Jo.
540 2465 644 2512 Keye
671 2465 764 2502 Heu.
792 2463 1008 2501 Hammond
1034 2464 1115 2500 Leo.
1141 2462 1349 2500 Chambers
1374 2464 1465 2501 Tho.
1495 2463 1669 2511 Halyday
1693 2463 1752 2501 Jo.
1781 2463 1910 2500 Presse

457 2521 551 2557 lien.
576 2522 699 2569 'l'ryps
724 2521 829 2557 Edm.
858 2521 1076 2568 Mossynger
1099 2519 1189 2556 Rob.
1211 2519 1367 2567 Fynkoll
1388 2519 1494 2557 Edrn.
1515 2519 1708 2567 Goldyngo
1726 2520 1781 2557 W.
1803 2520 1907 2556 Daw-

454 2592 520 2616 son
547 2580 638 2617 Tho.
661 2580 841 2627 Horseley
860 2579 923 2615 W⁰
941 2579 1142 2627 Atkyuson
1161 2578 1348 2614 Gwaltero
1365 2578 1524 2614 Travers
1542 2577 1632 2614 Tho.
1655 2577 1813 2625 Knyght
1831 2577 1909 2615 Ric.

457 2640 563 2676 Banu

198 2743 224 2782 f.
247 2743 298 2780 85
317 2756 343 2781 a,
360 2740 587 2777 Conceditur
621 2739 702 2787 viijo
736 2738 927 2775 Februarii
957 2738 1048 2775 Tho.
1082 2737 1263 2774 Robertes
1290 2741 1332 2773 vt
1361 2740 1399 2773 ll
1430 2737 1581 2773 termini
1608 2737 1646 2773 in
1672 2736 1810 2783 quibus
1839 2740 1907 2773 etc.

454 2799 643 2836 sufficiant
667 2799 700 2835 ci
726 2797 773 2835 md
800 2796 1100 2846 respondendum
1127 2795 1317 2843 questioni

365 2859 503 2897 Eadem
521 2858 644 2906 gratia.
661 2857 878 2895 conceditur
895 2856 1023 2894 malem
1038 2857 1145 2893 (icor.
1168 2855 1256 2892 Best
1273 2856 1380 2891 Geor.
1403 2854 1484 2902 Key
