2008 3294
303 176 388 216 302
894 189 1045 221 omos
1077 190 1199 222 Boon
1232 191 1262 222 Δ
1466 156 1472 163 .
1628 184 1845 241 [1576-77

809 506 1019 550 Doctores
1050 508 1096 551 in
1128 508 1346 551 medicina

298 643 527 680 Conceditur
554 647 590 679 l⁰
614 643 807 680 Februarii
833 646 1014 692 magistro
1039 645 1130 682 Tho.
1159 646 1331 693 Langton
1355 651 1399 682 vt
1423 647 1593 683 studium
1620 649 1640 685 7
1664 658 1847 683 annorum

392 703 430 737 in
465 702 650 738 medicina
685 708 888 750 postquam
923 704 1061 740 rexerit
1089 705 1129 740 in
1161 705 1309 740 artibus
1341 717 1428 742 cum
1460 706 1763 753 opposicionibus
1794 717 1848 741 re-

392 763 657 809 sponsionibus
681 767 720 799 et
746 764 831 799 aliis
856 764 1046 800 exercitiis
1071 776 1139 811 per
1164 767 1312 801 statuta
1338 766 1532 812 requisitis
1558 766 1720 802 sufficiat
1743 766 1777 802 ei
1802 765 1849 802 ad

392 821 646 868 incipiendum
671 822 711 857 in
738 822 923 858 medicina

299 880 439 916 Eadem
467 882 589 927 gratia
615 881 833 918 conceditur
861 885 908 918 30
937 883 1080 930 Aprilis
1113 884 1293 930 magistro
1327 883 1491 920 Roberto
1524 884 1645 921 Baker
1705 887 1727 920 8
1758 885 1848 920 Maii

391 941 571 987 magistro
591 941 649 977 J0.
674 942 806 978 Barret
857 945 897 978 11
917 942 940 978 J
945 943 1024 978 unii
1047 943 1229 989 magistro
1251 943 1343 979 Tho.
1367 944 1588 991 Randolphe
1609 947 1648 980 et
1670 944 1850 991 magistro

391 999 548 1047 Georgio
572 1000 701 1036 Bonde
749 1000 890 1037 Omnes
915 1002 1122 1048 presentati
1148 1014 1214 1049 per
1235 1001 1426 1038 doctorem
1453 1002 1603 1050 Lorkyn

763 1290 884 1333 Ordo
914 1290 1184 1334 senioritatis
1214 1292 1386 1348 maryin

531 1414 663 1450 Barrct
941 1415 1163 1463 Randolphe
1438 1418 1609 1465 Langton

532 1473 636 1510 Bond
940 1476 1063 1512 Baker

750 1759 1062 1802 Bacchalaurei
1096 1759 1141 1801 in
1174 1759 1392 1816 theologia

290 1897 518 1934 Conceditur
540 1899 586 1933 26
610 1896 739 1932 Martii
763 1896 944 1943 magistro
967 1895 1086 1932 mer.
1111 1896 1273 1943 Tyndall
1295 1899 1336 1932 vt
1357 1896 1527 1933 studium
1554 1897 1574 1934 7
1599 1908 1782 1932 annorum
1806 1897 1844 1932 in

385 1956 570 2002 theologia
599 1958 799 2002 postquam
830 1955 967 1991 rexerit
997 1955 1035 1990 in
1065 1954 1211 1990 artibus
1243 1966 1328 1990 cum
1362 1954 1667 2002 opposicionibus
1695 1966 1844 2002 respon-

382 2015 552 2052 sionibus
573 2014 809 2051 sermonibus
831 2014 991 2061 aliisque
1013 2014 1200 2051 exercitiis
1223 2026 1290 2062 per
1311 2017 1459 2051 statuta
1475 2015 1668 2062 requisitis
1684 2015 1846 2052 sufficiat

383 2076 416 2112 ei
440 2081 519 2112 tam
541 2075 589 2112 ad
611 2074 877 2123 opponendum
897 2086 1013 2122 quam
1037 2074 1084 2111 ad
1108 2074 1328 2111 intrandum
1346 2074 1385 2110 in
1403 2085 1510 2110 sacra
1526 2073 1711 2121 theologia
1761 2075 1845 2111 Pre—

382 2137 557 2172 sentatus
573 2146 640 2182 per
654 2133 847 2171 doctorem
867 2133 1015 2170 Barrow
1033 2136 1079 2171 29
1097 2133 1227 2170 Martii

292 2194 432 2231 Eadem
454 2194 576 2241 gratia
598 2192 817 2230 conceditur
838 2194 887 2229 30
902 2192 1047 2240 Aprilis
1069 2192 1260 2240 magistris
1283 2192 1413 2229 Franc.
1439 2191 1608 2240 Lyndley
1628 2197 1845 2240 presentato

383 2265 451 2302 per
476 2252 667 2290 doctorem
697 2251 911 2289 Ohuderton
947 2251 1106 2288 Rieamlo
1140 2251 1279 2289 Mowse
1311 2253 1529 2299 presentato
1557 2263 1624 2299 per
1651 2252 1842 2290 doctorem

386 2313 555 2349 Bam-owe
582 2310 640 2348 J0.
668 2310 852 2358 Oopcotes
880 2312 1098 2358 presentato
1127 2322 1194 2359 per
1221 2310 1413 2347 doctorem
1441 2309 1656 2347 Ohaderton
1685 2311 1843 2348 Griffino

386 2371 547 2420 Briskyn
577 2369 741 2407 Roberto
771 2369 903 2407 Porter
930 2369 1159 2417 presentatis
1187 2381 1254 2417 per
1281 2369 1472 2406 doctorem
1502 2370 1601 2418 Styll
1664 2374 1709 2408 10
1736 2372 1841 2410 Junii

384 2430 575 2477 magistris
605 2428 792 2465 Gwaltero
821 2428 945 2465 Alloin
976 2428 1127 2476 (Fulko)
1157 2429 1278 2465 Ovino
1308 2429 1447 2465 Davics
1476 2428 1626 2477 (chad.)
1655 2431 1842 2468 Godfrodo

383 2487 638 2525 (aoldinborow
671 2487 904 2524 Christosoro
934 2486 1075 2523 Webbo
1143 2490 1187 2524 1ss
1219 2488 1241 2524 J
1246 2487 1324 2524 unii
1367 2488 1547 2534 magistro
1581 2488 1722 2526 ,Iacobo
1755 2490 1844 2527 Coie

381 2548 485 2595 (Stil)
513 2548 693 2594 magistro
724 2546 905 2584 Nicholao
934 2547 1064 2584 Horne
1090 2547 1194 2594 (Stil)
1254 2550 1294 2584 21
1323 2547 1430 2584 Junii
1459 2548 1651 2595 magistris
1678 2549 1842 2587 Roberto

381 2608 531 2655 Cmnoy
563 2607 667 2654 (Stil)
698 2605 862 2643 Roborto
892 2606 1011 2643 Bonct
1040 2606 1146 2653 (Stil)
1174 2606 1232 2644 J0.
1266 2606 1464 2652 Browning
1493 2607 1597 2654 (Stil)
1659 2610 1705 2645 22
1733 2609 1840 2647 Junii

381 2667 560 2714 magistu»
587 2666 746 2703 Ricardo
772 2666 889 2703 Wood
939 2669 985 2702 28
1009 2666 1031 2702 J
1038 2667 1115 2703 unii
1145 2666 1336 2714 magistris
1361 2666 1418 2703 Jo.
1449 2667 1601 2703 Min-ton
1628 2668 1776 2716 (Fulke)
1801 2674 1840 2707 ot

382 2726 550 2764 Anwnio
577 2725 685 2763 Rudd
