2046 3224
353 168 409 210 60
934 177 1086 210 emon
1116 178 1239 210 Boon
1270 178 1301 210 Δ
1678 165 1900 223 [1548-49

809 417 1116 460 Bacchalaurei
1147 417 1194 459 in
1225 417 1445 474 theologia

350 540 396 576 In
413 541 546 587 primis
565 541 782 577 conceditur
798 541 978 587 magistro
995 541 1151 578 Browne
1169 546 1210 578 vt
1226 542 1396 579 studium
1413 545 1435 578 8
1452 555 1636 579 annorum
1659 544 1697 579 in
1715 543 1901 589 theologia

443 603 644 646 postquam
668 600 804 636 rexerit
826 600 866 636 in
887 600 1034 636 artibus
1055 613 1142 637 cum
1166 601 1313 637 duobus
1337 601 1572 638 sermonibus
1596 614 1670 637 vno
1691 601 1739 637 ad
1759 601 1899 637 clerum

444 659 563 695 altero
588 659 636 695 ad
662 671 810 695 crucem
838 659 944 695 Pauli
969 663 1008 695 et
1036 671 1123 695 cum
1151 672 1224 695 vna
1248 661 1487 707 responsione
1510 673 1610 696 anno
1634 661 1803 708 proximo
1829 659 1900 696 sub

445 729 542 764 pena
557 717 743 753 cautionis
759 718 870 754 realis
888 718 939 754 xl·
954 718 1125 765 ponende
1141 718 1180 754 in
1198 719 1373 755 manibus
1395 723 1676 766 procuratorum
1697 723 1901 766 antequam

445 776 673 813 admittatur
705 777 868 813 sufficiat
899 778 934 813 ei
968 780 1049 814 tam
1081 777 1129 814 ad
1161 777 1426 824 opponendum
1457 789 1572 825 quam
1606 779 1826 815 intrandum
1862 779 1901 814 in

446 835 633 882 theologia

353 893 495 930 Eadem
510 894 632 940 gratia
647 894 694 930 de
710 894 824 930 verbo
840 895 879 930 in
898 895 1053 931 verbum
1070 894 1286 930 conceditur
1303 895 1480 941 magistro
1497 895 1662 931 Fawcett

354 952 452 987 Item
468 951 686 988 conceditur
701 952 855 988 domino
871 952 1043 988 Skamler
1059 957 1101 988 vt
1122 952 1292 988 studium
1309 955 1332 988 8
1348 964 1533 988 annorum
1553 953 1592 989 in
1609 953 1794 1000 theologia
1817 957 1903 1000 post

446 1009 603 1056 gradum
622 1010 954 1047 bacchalaureatus
970 1011 1010 1047 in
1027 1011 1174 1047 artibus
1190 1014 1407 1058 susceptum
1421 1023 1495 1047 vna
1510 1024 1595 1048 cum
1608 1012 1756 1048 duobus
1768 1024 1903 1048 sermo-

447 1068 558 1104 nibus
575 1081 648 1104 vno
665 1068 712 1105 ad
729 1069 870 1105 clerum
887 1070 1004 1106 altero
1021 1069 1069 1105 ad
1086 1081 1232 1105 crucem
1252 1070 1358 1106 Pauli
1375 1073 1414 1106 et
1433 1082 1519 1106 cum
1536 1071 1644 1107 vnica
1665 1071 1903 1118 responsione

445 1140 545 1164 anno
562 1129 731 1175 proximo
748 1127 820 1164 sub
836 1140 932 1176 pena
949 1129 1135 1165 cautionis
1151 1129 1261 1164 realis
1278 1129 1328 1165 xl·
1341 1130 1510 1176 ponende
1526 1130 1565 1166 in
1583 1130 1758 1166 manibus
1774 1142 1903 1177 procu-

446 1191 614 1224 ratorum
638 1190 843 1234 antequam
865 1188 1094 1224 admittatur
1115 1188 1277 1224 sufficiat
1293 1189 1327 1224 ei
1347 1192 1427 1225 tam
1444 1189 1492 1226 ad
1509 1189 1772 1237 opponendum
1789 1202 1903 1236 quam

447 1246 665 1283 intrandum
683 1247 723 1282 in
740 1247 925 1294 theologia

354 1306 452 1342 Item
481 1305 699 1342 conceditur
727 1306 907 1352 magistro
937 1307 1088 1343 Hutton
1117 1310 1159 1342 vt
1187 1306 1358 1342 studium
1388 1310 1408 1345 ’ἵ
1437 1319 1621 1344 annorum
1650 1308 1689 1343 in
1718 1308 1904 1354 theologia

447 1367 648 1411 postquam
673 1364 810 1400 rexerit
833 1365 872 1400 in
892 1364 1039 1400 artibus
1060 1377 1147 1400 cum
1171 1364 1318 1401 duobus
1340 1365 1574 1402 sermonibus
1596 1378 1669 1402 vno
1693 1365 1741 1402 ad
1763 1366 1904 1402 olerum

447 1424 566 1460 altero
590 1423 637 1459 ad
661 1435 810 1459 crucem
835 1423 942 1459 Pauli
964 1429 1003 1460 et
1025 1435 1112 1460 cum
1135 1424 1244 1459 vnica
1265 1425 1504 1471 responsione
1525 1437 1624 1461 anno
1645 1426 1812 1472 proximo
1833 1424 1905 1460 sub

447 1494 545 1530 pena
566 1482 752 1518 cautionis
774 1482 825 1517 xl·
847 1481 1018 1529 ponende
1042 1482 1081 1517 in
1107 1481 1283 1518 manibus
1306 1486 1590 1529 procuratorum
1614 1486 1817 1529 antequam
1841 1482 1905 1518 ad-

447 1542 625 1577 mittatur
640 1541 802 1577 sufficiat
817 1540 852 1577 ei
869 1545 950 1576 tam
966 1540 1013 1577 ad
1027 1540 1292 1588 opponendum
1305 1552 1421 1588 quam
1434 1541 1652 1577 intrandum
1670 1541 1708 1577 in
1723 1541 1906 1587 theologia

354 1600 495 1638 Eadem
511 1601 633 1648 gratia
649 1600 696 1637 de
712 1599 825 1637 verbo
842 1601 882 1636 in
899 1599 1055 1636 verbum
1072 1599 1289 1636 conceditur
1305 1600 1485 1646 magistro
1503 1599 1671 1636 Laborne

192 1708 215 1745 f.
241 1707 291 1744 25
312 1720 335 1744 a
356 1706 453 1741 Item
478 1705 697 1741 conceditur
725 1705 904 1752 magistro
938 1704 1097 1741 Fawden
1126 1707 1168 1740 vt
1194 1703 1363 1740 studium
1392 1706 1412 1742 7
1442 1715 1626 1740 annorum
1655 1704 1694 1739 in
1722 1703 1907 1749 theologia

448 1767 649 1811 postquam
671 1764 810 1800 rexerit
833 1764 872 1800 in
898 1762 1044 1799 artibus
1066 1775 1152 1798 cum
1174 1762 1322 1799 duobus
1344 1762 1579 1798 sermonibus
1601 1774 1675 1798 vno
1696 1761 1743 1798 ad
1765 1761 1906 1797 clerum

447 1823 565 1860 altero
589 1822 637 1859 ad
662 1834 810 1859 crucem
836 1822 942 1858 Pauli
967 1826 1007 1858 et
1031 1834 1116 1858 cum
1143 1833 1217 1858 vna
1245 1821 1483 1868 responsione
1511 1832 1611 1857 anno
1639 1821 1808 1868 proximo
1836 1820 1908 1855 sub

448 1893 545 1929 pena
560 1881 746 1918 cautionis
763 1881 873 1917 realis
895 1881 946 1916 xl·
962 1880 1131 1928 ponende
1148 1880 1187 1916 in
1210 1879 1386 1916 manibus
1402 1883 1684 1927 procuratorum
1702 1883 1905 1926 antequam

448 1940 675 1977 admittatur
705 1939 867 1976 sufficiat
899 1940 933 1976 ei
966 1943 1047 1976 tam
1083 1940 1132 1976 ad
1165 1939 1429 1987 opponendum
1461 1951 1577 1986 quam
1613 1938 1833 1975 intrandum
1866 1939 1906 1975 in

448 1999 636 2047 theologia
684 1999 735 2036 Et
759 1999 879 2047 possit
903 1998 1055 2035 admitti
1078 1999 1126 2035 ad
1149 1991 1331 2046 placitum
1353 1998 1434 2035 siue
1457 1998 1495 2034 in
1518 1998 1680 2034 termino
1701 1998 1781 2034 siue
1801 2002 1908 2034 extra

449 2059 653 2095 terminum
678 2059 774 2095 citra
798 2058 936 2095 festum
964 2058 1158 2094 Michaelis
1183 2058 1392 2105 proximum
1442 2057 1503 2093 Ita
1527 2060 1569 2094 vt
1593 2057 1814 2094 conviuetur

357 2119 455 2155 Item
468 2118 684 2155 conceditur
697 2118 876 2165 magistro
893 2117 1028 2153 Stokes
1042 2120 1084 2153 vt
1099 2117 1268 2153 studium
1282 2117 1448 2164 quinque
1464 2127 1648 2152 annorum
1666 2116 1704 2152 in
1722 2115 1908 2163 theologia

450 2181 651 2225 postquam
674 2176 810 2212 rexerit
835 2176 873 2212 in
896 2174 1043 2212 artibus
1067 2187 1153 2212 cum
1178 2175 1325 2212 duobus
1347 2174 1582 2212 sermonibus
1602 2186 1675 2211 vno
1697 2174 1744 2211 ad
1767 2175 1908 2211 clerum

449 2237 568 2273 altero
591 2236 640 2273 ad
668 2247 815 2272 crucem
847 2236 952 2272 Pauli
978 2239 1018 2272 et
1042 2247 1128 2272 cum
1154 2247 1228 2271 vna
1251 2235 1490 2282 responsione
1514 2246 1613 2270 anno
1639 2234 1808 2282 proximo
1837 2233 1909 2270 sub

450 2307 547 2343 pena
562 2294 748 2331 cautionis
765 2294 875 2331 realis
892 2294 942 2331 xl·
958 2293 1127 2342 ponende
1147 2294 1186 2331 in
1205 2293 1379 2330 manibus
1402 2296 1685 2341 procuratorum
1702 2296 1907 2340 antequam

450 2354 678 2391 admittatur
693 2354 856 2390 sufficiat
877 2353 910 2389 ei
934 2357 1013 2390 tam
1031 2353 1078 2390 ad
1095 2351 1359 2400 opponendum
1377 2363 1492 2399 quam
1510 2350 1729 2388 intrandum
1747 2351 1786 2387 in
1805 2350 1907 2387 thoo-

451 2414 547 2461 logia
596 2413 647 2450 Et
679 2413 797 2461 possit
829 2412 982 2450 admitti
1015 2412 1063 2449 ad
1098 2412 1277 2460 placitum
1310 2412 1392 2448 siue
1424 2412 1463 2447 in
1497 2410 1657 2447 termino
1689 2410 1770 2446 siue
1802 2413 1908 2446 extra

450 2473 654 2509 terminum
679 2472 775 2509 citra
799 2472 937 2509 festum
965 2471 1158 2509 Michaelis
1182 2472 1235 2508 sic
1261 2475 1302 2507 vt
1325 2470 1547 2507 conviuetur

359 2532 455 2569 Item
480 2531 697 2568 conceditur
721 2531 899 2579 magistro
923 2531 1118 2568 Deconson
1142 2534 1183 2567 vt
1205 2529 1373 2566 studium
1402 2533 1422 2565 5
1447 2539 1631 2565 annorum
1660 2528 1697 2564 in
1723 2528 1909 2576 theologia

451 2594 651 2639 postquam
675 2590 811 2626 rexerit
834 2590 872 2626 in
895 2589 1041 2627 artibus
1062 2601 1148 2626 cum
1175 2589 1412 2637 responsione
1440 2591 1479 2624 et
1500 2586 1648 2624 duobus
1672 2587 1908 2624 sermonibus

452 2661 525 2686 vno
548 2649 595 2687 ad
621 2649 760 2686 clerum
786 2649 904 2686 altero
926 2648 973 2686 ad
997 2660 1143 2686 enicem
1171 2647 1275 2684 Pauli
1301 2646 1373 2684 sub
1398 2659 1493 2695 pena
1517 2646 1704 2683 cautionis
1726 2647 1836 2683 realis
1861 2646 1910 2683 xl·

452 2705 620 2753 ponende
649 2705 686 2741 in
722 2704 896 2741 manibus
925 2708 1207 2753 procuratorum
1235 2703 1396 2740 sufficiat
1428 2703 1462 2739 ei
1490 2701 1538 2739 ad
1571 2702 1836 2750 opponendum
1869 2706 1907 2739 et

452 2763 670 2800 intrandum
701 2763 738 2799 in
769 2763 954 2811 theologia
1003 2763 1054 2800 Et
1081 2767 1122 2800 vt
1148 2764 1267 2811 possit
1296 2762 1447 2800 admitti
1477 2761 1523 2798 ad
1553 2761 1734 2810 placitum
1765 2762 1845 2798 siue
1871 2762 1908 2797 in

452 2823 613 2859 tan-mino
642 2823 723 2859 siue
751 2827 857 2860 extra
890 2824 1094 2860 terminum
1124 2827 1212 2859 ante
1242 2822 1379 2859 festum
1412 2821 1606 2858 Michaelis
1665 2820 1726 2857 lta
1755 2824 1796 2857 vt
1825 2832 1910 2857 con-

454 2880 603 2916 vitietur
