1976 3276
150 153 370 210 1569-70]
746 167 898 199 GRAcE
929 168 1054 198 BOOK
1086 168 1115 198 Δ
1614 159 1698 200 239

147 265 176 313 [¹
183 265 412 302 Conceditur
429 268 449 304 7
467 267 490 302 J
493 268 559 303 ulii
579 268 758 314 magistro
777 268 935 304 Ricardo
954 269 1127 304 Fletcher
1143 272 1186 304 vt
1202 269 1373 304 studium
1393 272 1439 304 20
1455 281 1640 304 annorum
1660 270 1698 304 in

241 325 427 372 theologia
455 329 659 372 postquam
687 327 826 363 rexerit
853 327 893 363 in
922 327 1070 364 artibus
1099 340 1187 364 cum
1216 328 1518 375 oppositionibus
1546 340 1698 374 respon-

241 384 410 420 sionibus
433 384 670 421 sermonibus
693 388 732 421 et
754 386 838 421 aliis
863 386 1052 422 exercitiis
1077 398 1143 434 per
1165 389 1311 422 statuta
1339 387 1533 433 requisitis
1555 387 1699 433 perfici-

241 443 348 478 endis
365 443 464 478 infra
480 455 622 479 annum
640 456 707 479 sue
723 444 963 480 admissionis
985 445 1057 480 sub
1077 457 1174 492 pena
1196 457 1247 481 cs
1270 445 1444 492 ponenda
1464 446 1503 481 in
1525 445 1699 481 manibus

241 503 526 548 procuratorum
544 505 633 538 ante
651 503 732 538 eius
749 502 1016 539 admissionem
1038 504 1202 540 sufficiat
1218 504 1251 539 ei
1270 508 1350 540 tam
1367 504 1415 540 ad
1432 504 1697 551 opponendum

240 572 356 606 quam
381 559 428 595 ad
458 560 679 596 intrandum
705 561 744 596 in
770 573 876 597 sacra
901 562 1088 608 theologia.
1112 565 1152 598 et
1176 562 1356 608 quoniam
1382 562 1494 598 hodie
1518 564 1699 599 interesse

241 630 308 665 per
325 630 460 665 magna
476 631 546 654 sua
563 620 716 666 negocia
732 631 808 655 non
825 620 946 666 possit
966 623 1009 656 vt
1029 620 1258 656 admittatur
1278 621 1327 657 ad
1350 621 1533 668 placitum
1556 622 1636 658 sive
1659 623 1697 657 in

242 677 404 713 termino
422 678 502 714 sive
517 681 623 714 extra
640 679 844 715 terminum
862 682 952 715 ante
968 679 1108 716 festum
1125 680 1247 716 sancti
1267 681 1426 716 Dionisii
1444 681 1673 730 proximum]

397 1020 559 1064 Gratiae
592 1021 708 1064 varie
739 1021 907 1064 nullam
938 1027 1248 1064 concernentes
1277 1023 1459 1064 formam

142 1163 372 1200 Conceditur
390 1166 434 1199 14
451 1163 627 1200 Octobris
644 1167 685 1200 vt
702 1164 880 1200 dominus
897 1163 1055 1211 Egidius
1080 1164 1165 1212 Key
1181 1167 1420 1212 presentetur
1442 1165 1491 1201 ad
1514 1165 1694 1202 vicariam

235 1226 399 1260 vestram
417 1223 463 1260 de
479 1223 671 1270 Campsall
694 1224 769 1260 iam
793 1226 992 1260 vacantem
1015 1227 1053 1260 et
1077 1227 1120 1260 vt
1142 1224 1224 1260 eius
1247 1224 1482 1271 presentacio
1508 1225 1695 1271 sigilletur

235 1283 356 1330 sigillo
373 1285 497 1319 vestro
514 1283 706 1319 communi

141 1342 368 1379 Conceditur
383 1342 513 1379 eodem
530 1346 572 1379 vt
589 1342 840 1390 quadraginta
856 1342 950 1379 libre
967 1346 1101 1379 mutuo
1122 1343 1358 1390 accipiantur
1380 1354 1447 1389 per
1469 1343 1692 1389 magistrum

234 1405 273 1438 et
293 1402 413 1438 socios
436 1402 579 1449 collegii
602 1404 732 1438 sancte
753 1405 792 1438 et
814 1401 1008 1438 individue
1030 1402 1232 1438 Trinitatis
1254 1414 1274 1439 e
1296 1402 1392 1438 cista
1416 1402 1493 1438 Fen
1517 1406 1556 1438 et
1581 1403 1694 1439 Neele

232 1472 300 1508 pro
333 1460 580 1497 conductione
611 1459 808 1496 cuiusdam
841 1459 978 1496 domus
1009 1472 1078 1507 pro
1109 1460 1264 1496 domino
1298 1461 1467 1496 Antonio
1501 1461 1693 1497 Cevalerio

233 1519 406 1556 hebraice
430 1520 557 1567 lingue
582 1519 782 1566 professori
808 1519 861 1555 sic
886 1524 928 1555 vt
953 1519 1112 1566 predicti
1139 1520 1318 1566 magister
1341 1523 1379 1555 et
1403 1520 1493 1556 socii
1519 1520 1591 1556 sub
1615 1521 1690 1556 sin-

224 1579 375 1627 ·grapho
396 1582 435 1615 et
457 1579 579 1626 sigillo
601 1591 669 1615 suo
694 1579 885 1614 communi
908 1582 1111 1615 teneantur
1132 1579 1338 1626 quotannis
1360 1579 1569 1626 persolvere
1591 1580 1691 1616 dicte

232 1638 326 1674 ciste
341 1638 476 1685 viginti
494 1650 639 1674 marcas
655 1637 772 1674 donec
790 1637 959 1685 predicta
975 1650 1124 1674 summa
1142 1638 1178 1674 xl
1188 1638 1215 1674 li
1233 1638 1399 1685 plenarie
1416 1639 1652 1686 persolvatur

138 1697 366 1734 Conceditur
393 1700 433 1733 11
461 1697 688 1733 Novembris
713 1698 894 1744 magistro
918 1697 1062 1734 doctori
1088 1697 1303 1734 Chaderton
1327 1699 1441 1734 variis
1463 1700 1627 1746 negociis
1651 1704 1690 1735 et

232 1757 375 1793 lectura
407 1757 614 1804 theologica
645 1749 797 1793 domine
832 1756 1042 1803 Margarete
1071 1760 1252 1804 occupato
1276 1762 1320 1794 vt
1343 1758 1463 1805 possit
1487 1758 1616 1795 abesse
1641 1759 1690 1795 ab

233 1816 408 1852 omnibus
432 1816 782 1863 congregationibus
808 1817 880 1852 nisi
906 1817 1133 1853 nominatim
1160 1820 1314 1853 vocetur

138 1874 365 1911 Conceditur
397 1877 420 1911 9
447 1873 664 1910 Decembris
698 1875 877 1921 magistro
911 1875 1056 1910 Simoni
1094 1875 1221 1911 Bucke
1246 1879 1289 1911 vt
1314 1876 1366 1911 sit
1391 1888 1489 1911 vnus
1514 1889 1557 1912 ex
1585 1877 1689 1924 xijcim

231 1933 527 1981 predicatoribus
545 1933 614 1969 hoc
632 1934 798 1980 presenti
816 1946 916 1969 anno
934 1947 1000 1981 per
1017 1935 1249 1970 academiam
1270 1935 1491 1971 emittendis
1515 1939 1553 1972 et
1576 1949 1690 1983 super

231 1993 302 2028 hac
327 1995 452 2028 vestra
476 1992 712 2028 concessione
737 1993 866 2028 literas
890 1992 1029 2029 habeat
1051 1992 1270 2039 obsignatas
1293 1994 1416 2040 sigillo
1441 1998 1564 2030 vestro
1589 2008 1688 2031 com-

232 2063 338 2088 mum

138 2112 279 2149 Eadem
296 2111 417 2158 gratia
433 2110 651 2147 conceditur
667 2111 797 2147 eodem
817 2111 976 2148 Ricardo
989 2111 1012 2147 J
1014 2111 1155 2147 ackson
1169 2111 1260 2148 Tho.
1277 2112 1434 2149 Farfaxe
1447 2116 1485 2149 et
1499 2114 1687 2149 Willelmo

231 2171 325 2218 Sage
341 2171 379 2207 in
399 2171 546 2207 artibus
563 2170 756 2218 magistris

138 2231 281 2267 Eadem
298 2230 419 2278 gratia
435 2230 654 2266 conceditur
671 2233 717 2266 20
732 2230 756 2266 J
759 2231 906 2267 anuarii
924 2231 1104 2277 magistro
1121 2231 1146 2266 J
1147 2243 1178 2267 o.
1198 2231 1352 2268 Walker
1373 2244 1477 2268 sacre
1500 2233 1686 2280 theologie

231 2290 429 2338 professori
457 2293 497 2326 et
523 2290 614 2326 Tho.
647 2291 777 2338 Penny
810 2291 848 2326 in
882 2290 1028 2327 artibus
1061 2292 1242 2337 magistro
1307 2295 1330 2328 3
1364 2293 1557 2329 Februarii
1594 2294 1684 2330 Rob.

231 2350 378 2386 Norton
399 2361 502 2386 sacre
524 2349 708 2396 theologie
731 2349 999 2386 bacchalaureo
1015 2354 1055 2386 et
1072 2351 1255 2387 Nicholao
1278 2352 1465 2388 Chalenor
1482 2353 1521 2388 in
1539 2354 1686 2390 artibus

230 2409 409 2456 magistro
459 2410 502 2446 17
529 2408 722 2445 Februarii
743 2409 847 2445 Alex.
875 2410 957 2456 Key
983 2410 1023 2445 in
1046 2409 1194 2446 artibus
1217 2411 1397 2458 magistro
1420 2415 1459 2448 et
1488 2415 1533 2448 10
1556 2413 1685 2449 Martii

231 2468 411 2515 magistro
438 2468 529 2504 Tho.
558 2468 707 2504 Wattes
724 2468 910 2515 theologie
935 2469 1134 2516 professori

135 2527 362 2564 Conceditur
379 2529 401 2563 9
415 2526 634 2562 Decembris
648 2530 690 2562 vt
707 2527 893 2562 terminus
910 2526 1089 2563 hodierno
1102 2527 1163 2563 die
1176 2527 1406 2564 dissolvatur
1418 2541 1494 2564 non
1509 2529 1685 2566 obstante
1702 2531 1727 2569 f.
1754 2531 1830 2568 102
1851 2531 1876 2568 b

230 2588 376 2622 statuto
393 2585 446 2621 sic
462 2587 506 2621 vt
522 2585 802 2632 disputaciones
819 2585 940 2621 fiende
957 2586 1127 2632 proxima
1142 2586 1356 2633 septimana
1377 2599 1444 2634 pro
1466 2588 1578 2624 factis
1601 2601 1684 2625 cen-

231 2647 386 2680 seantur
401 2643 526 2690 quoad
544 2645 744 2690 magistros
761 2645 827 2691 qui
845 2644 1086 2691 disputarent

137 2703 362 2742 Conceditur
378 2706 424 2739 20
441 2703 464 2739 J
466 2704 610 2739 anuarii
629 2715 748 2750 quum
761 2703 842 2739 dies
855 2704 903 2740 ad
916 2704 1197 2751 disputaciones
1210 2705 1488 2752 philosophicas
1501 2708 1683 2753 assignati

229 2761 497 2799 bacchalauriis
515 2762 725 2808 incepturis
744 2774 818 2797 non
837 2763 1030 2798 sufficiunt
1047 2767 1090 2798 vt
1107 2775 1238 2798 omnes
1254 2763 1335 2799 dies
1351 2765 1507 2810 profesti
1525 2777 1592 2811 pro
1609 2766 1683 2801 dis·-

699 2879 711 2900 1
736 2879 868 2912 Erased
891 2880 928 2912 in
952 2880 1110 2921 original.
