<?xml version="1.0" encoding="UTF-8"?>
<!DOCTYPE html PUBLIC "-//W3C//DTD XHTML 1.0 Transitional//EN"
    "http://www.w3.org/TR/xhtml1/DTD/xhtml1-transitional.dtd">
<html xmlns="http://www.w3.org/1999/xhtml" xml:lang="en" lang="en">
 <head>
  <title>
</title>
<meta http-equiv="Content-Type" content="text/html;charset=utf-8" />
  <meta name='ocr-system' content='tesseract 3.04.00' />
  <meta name='ocr-capabilities' content='ocr_page ocr_carea ocr_par ocr_line ocrx_word'/>
</head>
<body>
  <div class='ocr_page' id='page_1' title='image "./gracebookdeltaco00univuoft_0041.png"; bbox 0 0 2002 3236; ppageno 0'>
   <div class='ocr_carea' id='block_1_1' title="bbox 188 156 1734 218">
    <p class='ocr_par' dir='ltr' id='par_1_1' title="bbox 188 156 1734 218">
     <span class='ocr_line' id='line_1_1' title="bbox 188 156 1734 218; baseline -0.002 -14"><span class='ocrx_word' id='word_1_1' title='bbox 188 161 410 218; x_wconf 84' lang='lat'>1542-43]</span> <span class='ocrx_word' id='word_1_2' title='bbox 767 172 920 204; x_wconf 67' lang='lat' dir='ltr'><strong>enaca-</strong></span> <span class='ocrx_word' id='word_1_3' title='bbox 949 171 1073 203; x_wconf 82' lang='lat' dir='ltr'><strong>BOOK</strong></span> <span class='ocrx_word' id='word_1_4' title='bbox 1105 171 1134 203; x_wconf 80' lang='grc' dir='ltr'><strong>Δ</strong></span> <span class='ocrx_word' id='word_1_5' title='bbox 1709 156 1734 201; x_wconf 85' lang='grc'><strong>’1</strong></span> 
     </span>
    </p>
   </div>
   <div class='ocr_carea' id='block_1_2' title="bbox 175 273 1735 1915">
    <p class='ocr_par' dir='ltr' id='par_1_2' title="bbox 274 273 1735 498">
     <span class='ocr_line' id='line_1_2' title="bbox 274 273 1735 322; baseline -0.003 -10"><span class='ocrx_word' id='word_1_6' title='bbox 274 287 423 312; x_wconf 86' lang='lat' dir='ltr'><strong>crucem</strong></span> <span class='ocrx_word' id='word_1_7' title='bbox 445 275 553 312; x_wconf 84' lang='lat' dir='ltr'><strong>Pauli</strong></span> <span class='ocrx_word' id='word_1_8' title='bbox 572 278 612 312; x_wconf 92' lang='lat' dir='ltr'><strong>et</strong></span> <span class='ocrx_word' id='word_1_9' title='bbox 634 287 721 312; x_wconf 89' lang='lat' dir='ltr'><strong>cum</strong></span> <span class='ocrx_word' id='word_1_10' title='bbox 745 287 819 312; x_wconf 86' lang='lat' dir='ltr'><strong>vna</strong></span> <span class='ocrx_word' id='word_1_11' title='bbox 839 274 1079 322; x_wconf 82' lang='lat' dir='ltr'>responsione</span> <span class='ocrx_word' id='word_1_12' title='bbox 1101 273 1160 310; x_wconf 83' lang='lat' dir='ltr'><strong>vel</strong></span> <span class='ocrx_word' id='word_1_13' title='bbox 1179 273 1351 320; x_wconf 86' lang='lat' dir='ltr'><strong>pluribus</strong></span> <span class='ocrx_word' id='word_1_14' title='bbox 1375 273 1408 309; x_wconf 90' lang='lat' dir='ltr'><strong>si</strong></span> <span class='ocrx_word' id='word_1_15' title='bbox 1428 273 1625 320; x_wconf 79' lang='lat' dir='ltr'><strong>exigantur</strong></span> <span class='ocrx_word' id='word_1_16' title='bbox 1646 275 1735 308; x_wconf 87' lang='lat' dir='ltr'><strong>ante</strong></span> 
     </span>
     <span class='ocr_line' id='line_1_3' title="bbox 277 331 1734 381; baseline -0.002 -11"><span class='ocrx_word' id='word_1_17' title='bbox 277 334 472 371; x_wconf 89' lang='lat' dir='ltr'><strong>commitia</strong></span> <span class='ocrx_word' id='word_1_18' title='bbox 488 334 659 381; x_wconf 86' lang='lat' dir='ltr'><strong>proxima</strong></span> <span class='ocrx_word' id='word_1_19' title='bbox 675 333 838 370; x_wconf 87' lang='lat' dir='ltr'><strong>sufficiat</strong></span> <span class='ocrx_word' id='word_1_20' title='bbox 854 333 888 369; x_wconf 92' lang='lat' dir='ltr'><strong>ei</strong></span> <span class='ocrx_word' id='word_1_21' title='bbox 906 332 954 369; x_wconf 79' lang='lat' dir='ltr'><strong>ad</strong></span> <span class='ocrx_word' id='word_1_22' title='bbox 971 332 1235 380; x_wconf 85' lang='lat' dir='ltr'><strong>opponendum</strong></span> <span class='ocrx_word' id='word_1_23' title='bbox 1259 335 1298 367; x_wconf 89' lang='lat' dir='ltr'><strong>et</strong></span> <span class='ocrx_word' id='word_1_24' title='bbox 1315 332 1535 368; x_wconf 89' lang='lat' dir='ltr'><strong>intrandum</strong></span> <span class='ocrx_word' id='word_1_25' title='bbox 1560 332 1599 368; x_wconf 92' lang='lat' dir='ltr'><strong>in</strong></span> <span class='ocrx_word' id='word_1_26' title='bbox 1619 331 1734 367; x_wconf 86' lang='lat' dir='ltr'><strong>libros</strong></span> 
     </span>
     <span class='ocr_line' id='line_1_4' title="bbox 274 390 1734 442; baseline -0.003 -12"><span class='ocrx_word' id='word_1_27' title='bbox 274 395 548 430; x_wconf 86' lang='lat' dir='ltr'><strong>sententiarum</strong></span> <span class='ocrx_word' id='word_1_28' title='bbox 574 394 628 430; x_wconf 91' lang='lat' dir='ltr'><strong>sic</strong></span> <span class='ocrx_word' id='word_1_29' title='bbox 649 393 751 440; x_wconf 89' lang='lat' dir='ltr'><strong>quod</strong></span> <span class='ocrx_word' id='word_1_30' title='bbox 773 393 1006 442; x_wconf 68' lang='lat' dir='ltr'><strong>admittatur</strong></span> <span class='ocrx_word' id='word_1_31' title='bbox 1022 392 1070 429; x_wconf 89' lang='lat' dir='ltr'><strong>ad</strong></span> <span class='ocrx_word' id='word_1_32' title='bbox 1093 392 1356 440; x_wconf 90' lang='lat' dir='ltr'><strong>opponendum</strong></span> <span class='ocrx_word' id='word_1_33' title='bbox 1379 392 1477 428; x_wconf 82' lang='lat' dir='ltr'><strong>infra</strong></span> <span class='ocrx_word' id='word_1_34' title='bbox 1500 390 1670 427; x_wconf 84' lang='lat' dir='ltr'><strong>triduum</strong></span> <span class='ocrx_word' id='word_1_35' title='bbox 1695 394 1734 426; x_wconf 91' lang='lat' dir='ltr'><strong>et</strong></span> 
     </span>
     <span class='ocr_line' id='line_1_5' title="bbox 275 449 1663 498; baseline -0.002 -11"><span class='ocrx_word' id='word_1_36' title='bbox 275 454 352 487; x_wconf 88' lang='lat' dir='ltr'><strong>stet</strong></span> <span class='ocrx_word' id='word_1_37' title='bbox 368 462 560 498; x_wconf 85' lang='lat' dir='ltr'><strong>opponens</strong></span> <span class='ocrx_word' id='word_1_38' title='bbox 573 463 691 498; x_wconf 87' lang='lat' dir='ltr'><strong>vsque</strong></span> <span class='ocrx_word' id='word_1_39' title='bbox 707 450 755 487; x_wconf 86' lang='lat' dir='ltr'><strong>ad</strong></span> <span class='ocrx_word' id='word_1_40' title='bbox 773 451 915 486; x_wconf 81' lang='lat' dir='ltr'><strong>festum</strong></span> <span class='ocrx_word' id='word_1_41' title='bbox 933 449 1104 486; x_wconf 81' lang='lat' dir='ltr'><strong>Barnabe</strong></span> <span class='ocrx_word' id='word_1_42' title='bbox 1119 453 1159 486; x_wconf 87' lang='lat' dir='ltr'><strong>et</strong></span> <span class='ocrx_word' id='word_1_43' title='bbox 1176 454 1268 486; x_wconf 90' lang='lat' dir='ltr'><strong>tunc</strong></span> <span class='ocrx_word' id='word_1_44' title='bbox 1284 450 1401 486; x_wconf 85' lang='lat' dir='ltr'><strong>intret</strong></span> <span class='ocrx_word' id='word_1_45' title='bbox 1417 449 1465 485; x_wconf 87' lang='lat' dir='ltr'><strong>ad</strong></span> <span class='ocrx_word' id='word_1_46' title='bbox 1482 449 1663 496; x_wconf 89' lang='lat' dir='ltr'><strong>placitum</strong></span> 
     </span>
    </p>

    <p class='ocr_par' dir='ltr' id='par_1_3' title="bbox 182 506 1734 674">
     <span class='ocr_line' id='line_1_6' title="bbox 182 506 1733 556; baseline -0.003 -10"><span class='ocrx_word' id='word_1_47' title='bbox 182 509 281 545; x_wconf 90' lang='lat' dir='ltr'><strong>Item</strong></span> <span class='ocrx_word' id='word_1_48' title='bbox 306 509 524 546; x_wconf 79' lang='lat' dir='ltr'><strong>conceditur</strong></span> <span class='ocrx_word' id='word_1_49' title='bbox 546 509 668 546; x_wconf 89' lang='lat' dir='ltr'><strong>eidem</strong></span> <span class='ocrx_word' id='word_1_50' title='bbox 693 513 735 545; x_wconf 91' lang='lat' dir='ltr'><strong>vt</strong></span> <span class='ocrx_word' id='word_1_51' title='bbox 759 510 881 556; x_wconf 81' lang='lat' dir='ltr'><strong>possit</strong></span> <span class='ocrx_word' id='word_1_52' title='bbox 905 508 1128 556; x_wconf 88' lang='lat' dir='ltr'><strong>respondere</strong></span> <span class='ocrx_word' id='word_1_53' title='bbox 1153 508 1211 544; x_wconf 91' lang='lat' dir='ltr'><strong>vel</strong></span> <span class='ocrx_word' id='word_1_54' title='bbox 1239 508 1310 544; x_wconf 91' lang='lat' dir='ltr'><strong>hoc</strong></span> <span class='ocrx_word' id='word_1_55' title='bbox 1338 519 1438 544; x_wconf 87' lang='lat' dir='ltr'><strong>anno</strong></span> <span class='ocrx_word' id='word_1_56' title='bbox 1465 507 1498 543; x_wconf 90' lang='lat' dir='ltr'><strong>si</strong></span> <span class='ocrx_word' id='word_1_57' title='bbox 1523 509 1649 554; x_wconf 88' lang='lat' dir='ltr'><strong>potest</strong></span> <span class='ocrx_word' id='word_1_58' title='bbox 1674 506 1733 542; x_wconf 87' lang='lat' dir='ltr'><strong>vel</strong></span> 
     </span>
     <span class='ocr_line' id='line_1_7' title="bbox 275 565 1734 615; baseline -0.003 -10"><span class='ocrx_word' id='word_1_59' title='bbox 275 569 444 615; x_wconf 77' lang='lat' dir='ltr'><strong>proximo</strong></span> <span class='ocrx_word' id='word_1_60' title='bbox 460 571 550 605; x_wconf 72' lang='lat' dir='ltr'><strong>ante</strong></span> <span class='ocrx_word' id='word_1_61' title='bbox 566 569 706 605; x_wconf 81' lang='lat' dir='ltr'><strong>festum</strong></span> <span class='ocrx_word' id='word_1_62' title='bbox 724 568 865 604; x_wconf 79' lang='lat' dir='ltr'><strong>Pasche</strong></span> <span class='ocrx_word' id='word_1_63' title='bbox 881 572 967 615; x_wconf 88' lang='lat' dir='ltr'><strong>post</strong></span> <span class='ocrx_word' id='word_1_64' title='bbox 983 567 1064 603; x_wconf 87' lang='lat' dir='ltr'><strong>eius</strong></span> <span class='ocrx_word' id='word_1_65' title='bbox 1077 566 1341 603; x_wconf 80' lang='lat' dir='ltr'><strong>admissionem</strong></span> <span class='ocrx_word' id='word_1_66' title='bbox 1355 565 1428 602; x_wconf 90' lang='lat' dir='ltr'><strong>sub</strong></span> <span class='ocrx_word' id='word_1_67' title='bbox 1438 577 1535 613; x_wconf 89' lang='lat' dir='ltr'><strong>pena</strong></span> <span class='ocrx_word' id='word_1_68' title='bbox 1548 565 1734 601; x_wconf 87' lang='lat' dir='ltr'><strong>cautionis</strong></span> 
     </span>
     <span class='ocr_line' id='line_1_8' title="bbox 276 624 1546 674; baseline -0.002 -12"><span class='ocrx_word' id='word_1_69' title='bbox 276 627 326 663; x_wconf 84' lang='lat' dir='ltr'><strong>xl·</strong></span> <span class='ocrx_word' id='word_1_70' title='bbox 341 627 380 663; x_wconf 91' lang='lat' dir='ltr'><strong>in</strong></span> <span class='ocrx_word' id='word_1_71' title='bbox 398 627 573 664; x_wconf 84' lang='lat' dir='ltr'><strong>manibus</strong></span> <span class='ocrx_word' id='word_1_72' title='bbox 590 630 874 674; x_wconf 88' lang='lat' dir='ltr'><strong>procuratorum</strong></span> <span class='ocrx_word' id='word_1_73' title='bbox 892 629 980 662; x_wconf 88' lang='lat' dir='ltr'><strong>ante</strong></span> <span class='ocrx_word' id='word_1_74' title='bbox 997 626 1078 662; x_wconf 85' lang='lat' dir='ltr'><strong>cius</strong></span> <span class='ocrx_word' id='word_1_75' title='bbox 1093 625 1359 662; x_wconf 79' lang='lat' dir='ltr'><strong>admissionem</strong></span> <span class='ocrx_word' id='word_1_76' title='bbox 1376 624 1546 672; x_wconf 91' lang='lat' dir='ltr'><strong>ponende</strong></span> 
     </span>
    </p>

    <p class='ocr_par' dir='ltr' id='par_1_4' title="bbox 182 683 1732 1135">
     <span class='ocr_line' id='line_1_9' title="bbox 182 683 1731 733; baseline -0.002 -11"><span class='ocrx_word' id='word_1_77' title='bbox 182 685 281 722; x_wconf 98' lang='lat' dir='ltr'><strong>Item</strong></span> <span class='ocrx_word' id='word_1_78' title='bbox 309 686 527 722; x_wconf 81' lang='lat' dir='ltr'><strong>conceditur</strong></span> <span class='ocrx_word' id='word_1_79' title='bbox 553 686 734 733; x_wconf 87' lang='lat' dir='ltr'><strong>magistro</strong></span> <span class='ocrx_word' id='word_1_80' title='bbox 762 685 1005 722; x_wconf 84' lang='lat' dir='ltr'><strong>Wansforthe</strong></span> <span class='ocrx_word' id='word_1_81' title='bbox 1035 689 1076 721; x_wconf 92' lang='lat' dir='ltr'><strong>vt</strong></span> <span class='ocrx_word' id='word_1_82' title='bbox 1104 684 1274 721; x_wconf 90' lang='lat' dir='ltr'><strong>studium</strong></span> <span class='ocrx_word' id='word_1_83' title='bbox 1300 687 1445 732; x_wconf 79' lang='lat' dir='ltr'><strong>septem</strong></span> <span class='ocrx_word' id='word_1_84' title='bbox 1474 695 1659 720; x_wconf 87' lang='lat' dir='ltr'><strong>annorum</strong></span> <span class='ocrx_word' id='word_1_85' title='bbox 1692 683 1731 719; x_wconf 91' lang='lat' dir='ltr'><strong>in</strong></span> 
     </span>
     <span class='ocr_line' id='line_1_10' title="bbox 275 742 1731 792; baseline -0.001 -11"><span class='ocrx_word' id='word_1_86' title='bbox 275 745 462 792; x_wconf 81' lang='lat' dir='ltr'><strong>theologia</strong></span> <span class='ocrx_word' id='word_1_87' title='bbox 499 748 702 792; x_wconf 83' lang='lat' dir='ltr'><strong>postquam</strong></span> <span class='ocrx_word' id='word_1_88' title='bbox 736 745 873 781; x_wconf 86' lang='lat' dir='ltr'><strong>rexerit</strong></span> <span class='ocrx_word' id='word_1_89' title='bbox 906 756 982 781; x_wconf 91' lang='lat' dir='ltr'><strong>una</strong></span> <span class='ocrx_word' id='word_1_90' title='bbox 1013 756 1100 780; x_wconf 90' lang='lat' dir='ltr'><strong>cum</strong></span> <span class='ocrx_word' id='word_1_91' title='bbox 1132 743 1280 780; x_wconf 86' lang='lat' dir='ltr'><strong>duobus</strong></span> <span class='ocrx_word' id='word_1_92' title='bbox 1311 743 1545 780; x_wconf 85' lang='lat' dir='ltr'><strong>sermonibus</strong></span> <span class='ocrx_word' id='word_1_93' title='bbox 1578 754 1651 779; x_wconf 90' lang='lat' dir='ltr'><strong>vno</strong></span> <span class='ocrx_word' id='word_1_94' title='bbox 1683 742 1731 779; x_wconf 88' lang='lat' dir='ltr'><strong>ad</strong></span> 
     </span>
     <span class='ocr_line' id='line_1_11' title="bbox 276 802 1732 850; baseline -0.001 -11"><span class='ocrx_word' id='word_1_95' title='bbox 276 803 415 839; x_wconf 88' lang='lat' dir='ltr'><strong>clerum</strong></span> <span class='ocrx_word' id='word_1_96' title='bbox 444 804 562 840; x_wconf 88' lang='lat' dir='ltr'><strong>altero</strong></span> <span class='ocrx_word' id='word_1_97' title='bbox 588 804 636 840; x_wconf 84' lang='lat' dir='ltr'><strong>ad</strong></span> <span class='ocrx_word' id='word_1_98' title='bbox 669 816 816 840; x_wconf 88' lang='lat' dir='ltr'><strong>crucem</strong></span> <span class='ocrx_word' id='word_1_99' title='bbox 844 804 951 840; x_wconf 89' lang='lat' dir='ltr'><strong>Pauli</strong></span> <span class='ocrx_word' id='word_1_100' title='bbox 979 803 1142 839; x_wconf 87' lang='lat' dir='ltr'><strong>sufficiat</strong></span> <span class='ocrx_word' id='word_1_101' title='bbox 1169 803 1204 838; x_wconf 90' lang='lat' dir='ltr'><strong>ei</strong></span> <span class='ocrx_word' id='word_1_102' title='bbox 1229 814 1297 850; x_wconf 88' lang='lat' dir='ltr'><strong>pro</strong></span> <span class='ocrx_word' id='word_1_103' title='bbox 1322 803 1518 850; x_wconf 90' lang='lat' dir='ltr'><strong>completis</strong></span> <span class='ocrx_word' id='word_1_104' title='bbox 1547 802 1664 849; x_wconf 86' lang='lat' dir='ltr'><strong>gradu</strong></span> <span class='ocrx_word' id='word_1_105' title='bbox 1691 805 1732 838; x_wconf 88' lang='lat' dir='ltr'><strong>et</strong></span> 
     </span>
     <span class='ocr_line' id='line_1_12' title="bbox 275 862 1731 909; baseline -0.001 -10"><span class='ocrx_word' id='word_1_106' title='bbox 275 863 395 899; x_wconf 83' lang='lat' dir='ltr'><strong>forma.</strong></span> <span class='ocrx_word' id='word_1_107' title='bbox 428 863 761 900; x_wconf 84' lang='lat' dir='ltr'><strong>bacchalaureatus</strong></span> <span class='ocrx_word' id='word_1_108' title='bbox 786 864 825 899; x_wconf 91' lang='lat' dir='ltr'><strong>in</strong></span> <span class='ocrx_word' id='word_1_109' title='bbox 850 863 980 899; x_wconf 87' lang='lat' dir='ltr'><strong>eadem</strong></span> <span class='ocrx_word' id='word_1_110' title='bbox 1007 863 1188 899; x_wconf 79' lang='lat' dir='ltr'><strong>facultate</strong></span> <span class='ocrx_word' id='word_1_111' title='bbox 1237 863 1299 898; x_wconf 90' lang='lat' dir='ltr'><strong>lta</strong></span> <span class='ocrx_word' id='word_1_112' title='bbox 1328 866 1455 898; x_wconf 86' lang='lat' dir='ltr'><strong>tamen</strong></span> <span class='ocrx_word' id='word_1_113' title='bbox 1483 862 1585 908; x_wconf 90' lang='lat' dir='ltr'><strong>quod</strong></span> <span class='ocrx_word' id='word_1_114' title='bbox 1610 862 1731 909; x_wconf 87' lang='lat' dir='ltr'><strong>possit</strong></span> 
     </span>
     <span class='ocr_line' id='line_1_13' title="bbox 274 921 1731 968; baseline -0.001 -10"><span class='ocrx_word' id='word_1_115' title='bbox 274 921 426 958; x_wconf 77' lang='lat' dir='ltr'><strong>admitti</strong></span> <span class='ocrx_word' id='word_1_116' title='bbox 443 925 549 958; x_wconf 83' lang='lat' dir='ltr'><strong>extra</strong></span> <span class='ocrx_word' id='word_1_117' title='bbox 566 922 853 958; x_wconf 87' lang='lat' dir='ltr'><strong>vniuersitatem</strong></span> <span class='ocrx_word' id='word_1_118' title='bbox 870 933 893 957; x_wconf 85' lang='lat' dir='ltr'><strong>a</strong></span> <span class='ocrx_word' id='word_1_119' title='bbox 905 933 1129 968; x_wconf 87' lang='lat' dir='ltr'><strong>quocunque</strong></span> <span class='ocrx_word' id='word_1_120' title='bbox 1142 922 1292 958; x_wconf 85' lang='lat' dir='ltr'><strong>doctore</strong></span> <span class='ocrx_word' id='word_1_121' title='bbox 1306 921 1363 957; x_wconf 91' lang='lat' dir='ltr'><strong>vel</strong></span> <span class='ocrx_word' id='word_1_122' title='bbox 1376 921 1560 968; x_wconf 87' lang='lat' dir='ltr'><strong>theologie</strong></span> <span class='ocrx_word' id='word_1_123' title='bbox 1576 921 1731 957; x_wconf 80' lang='lat' dir='ltr'><strong>baccha-</strong></span> 
     </span>
     <span class='ocr_line' id='line_1_14' title="bbox 274 979 1731 1028; baseline -0.001 -11"><span class='ocrx_word' id='word_1_124' title='bbox 274 981 400 1017; x_wconf 89' lang='lat' dir='ltr'><strong>laureo</strong></span> <span class='ocrx_word' id='word_1_125' title='bbox 432 993 499 1028; x_wconf 87' lang='lat' dir='ltr'><strong>per</strong></span> <span class='ocrx_word' id='word_1_126' title='bbox 529 981 724 1018; x_wconf 89' lang='lat' dir='ltr'><strong>dominum</strong></span> <span class='ocrx_word' id='word_1_127' title='bbox 760 981 1103 1017; x_wconf 84' lang='lat' dir='ltr'><strong>vicecancellarium</strong></span> <span class='ocrx_word' id='word_1_128' title='bbox 1141 986 1181 1016; x_wconf 92' lang='lat' dir='ltr'><strong>et</strong></span> <span class='ocrx_word' id='word_1_129' title='bbox 1219 983 1478 1027; x_wconf 81' lang='lat' dir='ltr'><strong>procuratores</strong></span> <span class='ocrx_word' id='word_1_130' title='bbox 1514 979 1731 1027; x_wconf 88' lang='lat' dir='ltr'><strong>deputando</strong></span> 
     </span>
     <span class='ocr_line' id='line_1_15' title="bbox 273 1038 1731 1086; baseline -0.001 -10"><span class='ocrx_word' id='word_1_131' title='bbox 273 1040 354 1076; x_wconf 87' lang='lat' dir='ltr'><strong>siue</strong></span> <span class='ocrx_word' id='word_1_132' title='bbox 382 1040 421 1076; x_wconf 88' lang='lat' dir='ltr'><strong>in</strong></span> <span class='ocrx_word' id='word_1_133' title='bbox 445 1040 607 1076; x_wconf 89' lang='lat' dir='ltr'><strong>termino</strong></span> <span class='ocrx_word' id='word_1_134' title='bbox 631 1040 712 1076; x_wconf 87' lang='lat' dir='ltr'><strong>siue</strong></span> <span class='ocrx_word' id='word_1_135' title='bbox 735 1046 842 1076; x_wconf 84' lang='lat' dir='ltr'><strong>extra</strong></span> <span class='ocrx_word' id='word_1_136' title='bbox 875 1040 1081 1075; x_wconf 87' lang='lat' dir='ltr'><strong>terminum</strong></span> <span class='ocrx_word' id='word_1_137' title='bbox 1114 1039 1225 1075; x_wconf 86' lang='lat' dir='ltr'><strong>modo</strong></span> <span class='ocrx_word' id='word_1_138' title='bbox 1251 1039 1375 1075; x_wconf 86' lang='lat' dir='ltr'><strong>soluat</strong></span> <span class='ocrx_word' id='word_1_139' title='bbox 1399 1039 1638 1075; x_wconf 85' lang='lat' dir='ltr'><strong>vniuersitati</strong></span> <span class='ocrx_word' id='word_1_140' title='bbox 1668 1038 1731 1086; x_wconf 85' lang='lat' dir='ltr'><strong>iij¹¹</strong></span> 
     </span>
     <span class='ocr_line' id='line_1_16' title="bbox 271 1097 1632 1135; baseline -0.001 -1"><span class='ocrx_word' id='word_1_141' title='bbox 271 1103 360 1135; x_wconf 88' lang='lat' dir='ltr'><strong>ante</strong></span> <span class='ocrx_word' id='word_1_142' title='bbox 375 1099 456 1134; x_wconf 90' lang='lat' dir='ltr'><strong>eius</strong></span> <span class='ocrx_word' id='word_1_143' title='bbox 472 1098 735 1134; x_wconf 80' lang='lat' dir='ltr'><strong>admissionem</strong></span> <span class='ocrx_word' id='word_1_144' title='bbox 753 1102 793 1134; x_wconf 90' lang='lat' dir='ltr'><strong>et</strong></span> <span class='ocrx_word' id='word_1_145' title='bbox 809 1110 883 1134; x_wconf 94' lang='lat' dir='ltr'><strong>non</strong></span> <span class='ocrx_word' id='word_1_146' title='bbox 902 1102 1076 1134; x_wconf 85' lang='lat' dir='ltr'><strong>teneatur</strong></span> <span class='ocrx_word' id='word_1_147' title='bbox 1092 1097 1139 1134; x_wconf 88' lang='lat' dir='ltr'><strong>ad</strong></span> <span class='ocrx_word' id='word_1_148' title='bbox 1158 1097 1371 1133; x_wconf 89' lang='lat' dir='ltr'><strong>vlteriorem</strong></span> <span class='ocrx_word' id='word_1_149' title='bbox 1389 1097 1632 1133; x_wconf 81' lang='lat' dir='ltr'><strong>residentiam</strong></span> 
     </span>
    </p>

    <p class='ocr_par' dir='ltr' id='par_1_5' title="bbox 181 1156 1729 1609">
     <span class='ocr_line' id='line_1_17' title="bbox 181 1156 1729 1204; baseline -0.001 -11"><span class='ocrx_word' id='word_1_150' title='bbox 181 1158 279 1194; x_wconf 90' lang='lat' dir='ltr'><strong>Item</strong></span> <span class='ocrx_word' id='word_1_151' title='bbox 299 1157 515 1193; x_wconf 84' lang='lat' dir='ltr'><strong>conceditur</strong></span> <span class='ocrx_word' id='word_1_152' title='bbox 531 1158 712 1204; x_wconf 87' lang='lat' dir='ltr'><strong>magistro</strong></span> <span class='ocrx_word' id='word_1_153' title='bbox 728 1158 887 1204; x_wconf 81' lang='lat' dir='ltr'><strong>Georgio</strong></span> <span class='ocrx_word' id='word_1_154' title='bbox 906 1157 1057 1193; x_wconf 84' lang='lat' dir='ltr'><strong>Hunter</strong></span> <span class='ocrx_word' id='word_1_155' title='bbox 1074 1159 1115 1193; x_wconf 91' lang='lat' dir='ltr'><strong>vt</strong></span> <span class='ocrx_word' id='word_1_156' title='bbox 1132 1156 1302 1192; x_wconf 90' lang='lat' dir='ltr'><strong>studium</strong></span> <span class='ocrx_word' id='word_1_157' title='bbox 1320 1161 1465 1203; x_wconf 88' lang='lat' dir='ltr'><strong>septem</strong></span> <span class='ocrx_word' id='word_1_158' title='bbox 1488 1168 1673 1192; x_wconf 88' lang='lat' dir='ltr'><strong>annorum</strong></span> <span class='ocrx_word' id='word_1_159' title='bbox 1691 1157 1729 1192; x_wconf 92' lang='lat' dir='ltr'><strong>in</strong></span> 
     </span>
     <span class='ocr_line' id='line_1_18' title="bbox 272 1214 1729 1263; baseline -0.001 -11"><span class='ocrx_word' id='word_1_160' title='bbox 272 1215 459 1263; x_wconf 81' lang='lat' dir='ltr'><strong>theologia</strong></span> <span class='ocrx_word' id='word_1_161' title='bbox 482 1219 684 1263; x_wconf 75' lang='lat' dir='ltr'><strong>postquam</strong></span> <span class='ocrx_word' id='word_1_162' title='bbox 710 1216 846 1252; x_wconf 84' lang='lat' dir='ltr'><strong>rexerit</strong></span> <span class='ocrx_word' id='word_1_163' title='bbox 870 1227 957 1252; x_wconf 86' lang='lat' dir='ltr'><strong>cum</strong></span> <span class='ocrx_word' id='word_1_164' title='bbox 981 1215 1130 1251; x_wconf 89' lang='lat' dir='ltr'><strong>duobus</strong></span> <span class='ocrx_word' id='word_1_165' title='bbox 1154 1214 1390 1251; x_wconf 81' lang='lat' dir='ltr'><strong>sermonibus</strong></span> <span class='ocrx_word' id='word_1_166' title='bbox 1415 1227 1489 1250; x_wconf 83' lang='lat' dir='ltr'><strong>vno</strong></span> <span class='ocrx_word' id='word_1_167' title='bbox 1512 1214 1560 1251; x_wconf 82' lang='lat' dir='ltr'><strong>ad</strong></span> <span class='ocrx_word' id='word_1_168' title='bbox 1589 1215 1729 1251; x_wconf 85' lang='lat' dir='ltr'><strong>clerum</strong></span> 
     </span>
     <span class='ocr_line' id='line_1_19' title="bbox 272 1274 1729 1321; baseline -0.001 -10"><span class='ocrx_word' id='word_1_169' title='bbox 272 1275 390 1311; x_wconf 85' lang='lat' dir='ltr'><strong>altero</strong></span> <span class='ocrx_word' id='word_1_170' title='bbox 421 1274 469 1311; x_wconf 90' lang='lat' dir='ltr'><strong>ad</strong></span> <span class='ocrx_word' id='word_1_171' title='bbox 502 1286 649 1311; x_wconf 88' lang='lat' dir='ltr'><strong>crucem</strong></span> <span class='ocrx_word' id='word_1_172' title='bbox 683 1275 789 1311; x_wconf 86' lang='lat' dir='ltr'><strong>Pauli</strong></span> <span class='ocrx_word' id='word_1_173' title='bbox 818 1280 858 1311; x_wconf 87' lang='lat' dir='ltr'><strong>et</strong></span> <span class='ocrx_word' id='word_1_174' title='bbox 890 1287 977 1311; x_wconf 90' lang='lat' dir='ltr'><strong>cum</strong></span> <span class='ocrx_word' id='word_1_175' title='bbox 1011 1275 1120 1311; x_wconf 84' lang='lat' dir='ltr'><strong>vnica</strong></span> <span class='ocrx_word' id='word_1_176' title='bbox 1152 1274 1394 1321; x_wconf 85' lang='lat' dir='ltr'><strong>responsione</strong></span> <span class='ocrx_word' id='word_1_177' title='bbox 1427 1274 1597 1321; x_wconf 82' lang='lat' dir='ltr'><strong>proximo</strong></span> <span class='ocrx_word' id='word_1_178' title='bbox 1629 1286 1729 1311; x_wconf 82' lang='lat' dir='ltr'><strong>anno</strong></span> 
     </span>
     <span class='ocr_line' id='line_1_20' title="bbox 271 1333 1728 1382; baseline -0.002 -10"><span class='ocrx_word' id='word_1_179' title='bbox 271 1335 444 1373; x_wconf 84' lang='lat' dir='ltr'><strong>habenda</strong></span> <span class='ocrx_word' id='word_1_180' title='bbox 465 1334 537 1372; x_wconf 85' lang='lat' dir='ltr'><strong>sub</strong></span> <span class='ocrx_word' id='word_1_181' title='bbox 559 1347 656 1382; x_wconf 88' lang='lat' dir='ltr'><strong>pena</strong></span> <span class='ocrx_word' id='word_1_182' title='bbox 679 1335 930 1382; x_wconf 82' lang='lat' dir='ltr'><strong>quadraginta</strong></span> <span class='ocrx_word' id='word_1_183' title='bbox 954 1334 1158 1370; x_wconf 89' lang='lat' dir='ltr'><strong>solidorum</strong></span> <span class='ocrx_word' id='word_1_184' title='bbox 1179 1334 1219 1370; x_wconf 90' lang='lat' dir='ltr'><strong>in</strong></span> <span class='ocrx_word' id='word_1_185' title='bbox 1244 1333 1421 1370; x_wconf 86' lang='lat' dir='ltr'><strong>manibus</strong></span> <span class='ocrx_word' id='word_1_186' title='bbox 1445 1338 1728 1381; x_wconf 88' lang='lat' dir='ltr'><strong>procuratorum</strong></span> 
     </span>
     <span class='ocr_line' id='line_1_21' title="bbox 273 1392 1728 1442; baseline -0.001 -12"><span class='ocrx_word' id='word_1_187' title='bbox 273 1394 528 1442; x_wconf 87' lang='lat' dir='ltr'><strong>ponendorum</strong></span> <span class='ocrx_word' id='word_1_188' title='bbox 562 1396 652 1429; x_wconf 89' lang='lat' dir='ltr'><strong>ante</strong></span> <span class='ocrx_word' id='word_1_189' title='bbox 685 1393 767 1429; x_wconf 90' lang='lat' dir='ltr'><strong>eius</strong></span> <span class='ocrx_word' id='word_1_190' title='bbox 800 1392 1067 1429; x_wconf 82' lang='lat' dir='ltr'><strong>admissionem</strong></span> <span class='ocrx_word' id='word_1_191' title='bbox 1097 1392 1261 1428; x_wconf 86' lang='lat' dir='ltr'><strong>sufficiat</strong></span> <span class='ocrx_word' id='word_1_192' title='bbox 1301 1392 1335 1428; x_wconf 90' lang='lat' dir='ltr'><strong>ei</strong></span> <span class='ocrx_word' id='word_1_193' title='bbox 1376 1392 1425 1428; x_wconf 86' lang='lat' dir='ltr'><strong>ad</strong></span> <span class='ocrx_word' id='word_1_194' title='bbox 1464 1392 1728 1439; x_wconf 90' lang='lat' dir='ltr'><strong>opponendum</strong></span> 
     </span>
     <span class='ocr_line' id='line_1_22' title="bbox 273 1451 1727 1500; baseline -0.001 -10"><span class='ocrx_word' id='word_1_195' title='bbox 273 1454 312 1490; x_wconf 90' lang='lat' dir='ltr'><strong>in</strong></span> <span class='ocrx_word' id='word_1_196' title='bbox 338 1453 524 1500; x_wconf 87' lang='lat' dir='ltr'><strong>theologia</strong></span> <span class='ocrx_word' id='word_1_197' title='bbox 549 1456 589 1488; x_wconf 85' lang='lat' dir='ltr'><strong>et</strong></span> <span class='ocrx_word' id='word_1_198' title='bbox 614 1452 835 1489; x_wconf 90' lang='lat' dir='ltr'><strong>intrandum</strong></span> <span class='ocrx_word' id='word_1_199' title='bbox 858 1453 897 1488; x_wconf 91' lang='lat' dir='ltr'><strong>in</strong></span> <span class='ocrx_word' id='word_1_200' title='bbox 918 1452 1034 1489; x_wconf 88' lang='lat' dir='ltr'><strong>libros</strong></span> <span class='ocrx_word' id='word_1_201' title='bbox 1055 1452 1332 1488; x_wconf 79' lang='lat' dir='ltr'><strong>sententiarum</strong></span> <span class='ocrx_word' id='word_1_202' title='bbox 1381 1451 1443 1488; x_wconf 88' lang='lat' dir='ltr'><strong>Sic</strong></span> <span class='ocrx_word' id='word_1_203' title='bbox 1465 1451 1566 1498; x_wconf 89' lang='lat' dir='ltr'><strong>quod</strong></span> <span class='ocrx_word' id='word_1_204' title='bbox 1591 1451 1727 1488; x_wconf 89' lang='lat' dir='ltr'><strong>admit-</strong></span> 
     </span>
     <span class='ocr_line' id='line_1_23' title="bbox 274 1511 1728 1560; baseline -0.002 -10"><span class='ocrx_word' id='word_1_205' title='bbox 274 1517 381 1550; x_wconf 84' lang='lat' dir='ltr'><strong>tatur</strong></span> <span class='ocrx_word' id='word_1_206' title='bbox 420 1513 468 1549; x_wconf 86' lang='lat' dir='ltr'><strong>ad</strong></span> <span class='ocrx_word' id='word_1_207' title='bbox 502 1512 766 1560; x_wconf 89' lang='lat' dir='ltr'><strong>opponendum</strong></span> <span class='ocrx_word' id='word_1_208' title='bbox 800 1516 839 1548; x_wconf 91' lang='lat' dir='ltr'><strong>et</strong></span> <span class='ocrx_word' id='word_1_209' title='bbox 876 1511 1097 1548; x_wconf 87' lang='lat' dir='ltr'><strong>intrandum</strong></span> <span class='ocrx_word' id='word_1_210' title='bbox 1135 1515 1174 1547; x_wconf 91' lang='lat' dir='ltr'><strong>et</strong></span> <span class='ocrx_word' id='word_1_211' title='bbox 1210 1512 1326 1547; x_wconf 87' lang='lat' dir='ltr'><strong>intret</strong></span> <span class='ocrx_word' id='word_1_212' title='bbox 1359 1511 1406 1548; x_wconf 79' lang='lat' dir='ltr'><strong>ad</strong></span> <span class='ocrx_word' id='word_1_213' title='bbox 1445 1511 1626 1558; x_wconf 89' lang='lat' dir='ltr'><strong>placitum</strong></span> <span class='ocrx_word' id='word_1_214' title='bbox 1653 1523 1728 1547; x_wconf 89' lang='lat' dir='ltr'><strong>non</strong></span> 
     </span>
     <span class='ocr_line' id='line_1_24' title="bbox 274 1573 622 1609; baseline -0.003 -1"><span class='ocrx_word' id='word_1_215' title='bbox 274 1573 450 1609; x_wconf 88' lang='lat' dir='ltr'><strong>obstante</strong></span> <span class='ocrx_word' id='word_1_216' title='bbox 475 1574 622 1608; x_wconf 87' lang='lat' dir='ltr'><strong>statuto</strong></span> 
     </span>
    </p>

    <p class='ocr_par' dir='ltr' id='par_1_6' title="bbox 178 1630 1728 1786">
     <span class='ocr_line' id='line_1_25' title="bbox 178 1630 1728 1678; baseline -0.001 -10"><span class='ocrx_word' id='word_1_217' title='bbox 178 1632 277 1668; x_wconf 90' lang='lat' dir='ltr'><strong>Item</strong></span> <span class='ocrx_word' id='word_1_218' title='bbox 303 1631 520 1667; x_wconf 85' lang='lat' dir='ltr'><strong>conceditur</strong></span> <span class='ocrx_word' id='word_1_219' title='bbox 548 1630 724 1666; x_wconf 89' lang='lat' dir='ltr'><strong>omnibus</strong></span> <span class='ocrx_word' id='word_1_220' title='bbox 749 1630 1029 1667; x_wconf 84' lang='lat' dir='ltr'><strong>bacchalaureis</strong></span> <span class='ocrx_word' id='word_1_221' title='bbox 1057 1631 1324 1678; x_wconf 83' lang='lat' dir='ltr'><strong>suprascriptis</strong></span> <span class='ocrx_word' id='word_1_222' title='bbox 1350 1634 1392 1666; x_wconf 89' lang='lat' dir='ltr'><strong>vt</strong></span> <span class='ocrx_word' id='word_1_223' title='bbox 1421 1631 1530 1666; x_wconf 86' lang='lat' dir='ltr'><strong>vnica</strong></span> <span class='ocrx_word' id='word_1_224' title='bbox 1553 1630 1664 1666; x_wconf 89' lang='lat' dir='ltr'><strong>lectio</strong></span> <span class='ocrx_word' id='word_1_225' title='bbox 1689 1630 1728 1666; x_wconf 90' lang='lat' dir='ltr'><strong>in</strong></span> 
     </span>
     <span class='ocr_line' id='line_1_26' title="bbox 270 1688 1727 1737; baseline -0.001 -11"><span class='ocrx_word' id='word_1_226' title='bbox 270 1689 385 1726; x_wconf 89' lang='lat' dir='ltr'><strong>libros</strong></span> <span class='ocrx_word' id='word_1_227' title='bbox 416 1689 691 1725; x_wconf 85' lang='lat' dir='ltr'><strong>sententiarum</strong></span> <span class='ocrx_word' id='word_1_228' title='bbox 724 1689 887 1725; x_wconf 87' lang='lat' dir='ltr'><strong>sufficiat</strong></span> <span class='ocrx_word' id='word_1_229' title='bbox 918 1690 974 1725; x_wconf 88' lang='lat' dir='ltr'><strong>eis</strong></span> <span class='ocrx_word' id='word_1_230' title='bbox 1005 1702 1074 1737; x_wconf 91' lang='lat' dir='ltr'><strong>pro</strong></span> <span class='ocrx_word' id='word_1_231' title='bbox 1105 1689 1293 1736; x_wconf 86' lang='lat' dir='ltr'><strong>completa</strong></span> <span class='ocrx_word' id='word_1_232' title='bbox 1325 1689 1446 1725; x_wconf 82' lang='lat' dir='ltr'><strong>forma</strong></span> <span class='ocrx_word' id='word_1_233' title='bbox 1484 1688 1656 1725; x_wconf 89' lang='lat' dir='ltr'><strong>lectionis</strong></span> <span class='ocrx_word' id='word_1_234' title='bbox 1689 1690 1727 1725; x_wconf 91' lang='lat' dir='ltr'><strong>in</strong></span> 
     </span>
     <span class='ocr_line' id='line_1_27' title="bbox 269 1748 1388 1786; baseline -0.002 0"><span class='ocrx_word' id='word_1_235' title='bbox 269 1749 425 1786; x_wconf 88' lang='lat' dir='ltr'><strong>eiisdem</strong></span> <span class='ocrx_word' id='word_1_236' title='bbox 449 1754 488 1785; x_wconf 91' lang='lat' dir='ltr'><strong>et</strong></span> <span class='ocrx_word' id='word_1_237' title='bbox 513 1761 588 1785; x_wconf 93' lang='lat' dir='ltr'><strong>non</strong></span> <span class='ocrx_word' id='word_1_238' title='bbox 614 1752 816 1785; x_wconf 85' lang='lat' dir='ltr'><strong>teneantur</strong></span> <span class='ocrx_word' id='word_1_239' title='bbox 840 1749 888 1786; x_wconf 91' lang='lat' dir='ltr'><strong>ad</strong></span> <span class='ocrx_word' id='word_1_240' title='bbox 914 1750 1127 1786; x_wconf 76' lang='lat' dir='ltr'><strong>vlteriorem</strong></span> <span class='ocrx_word' id='word_1_241' title='bbox 1145 1748 1388 1785; x_wconf 86' lang='lat' dir='ltr'><strong>residentiam</strong></span> 
     </span>
    </p>

    <p class='ocr_par' dir='ltr' id='par_1_7' title="bbox 175 1808 1728 1915">
     <span class='ocr_line' id='line_1_28' title="bbox 175 1808 1728 1856; baseline -0.002 -9"><span class='ocrx_word' id='word_1_242' title='bbox 175 1810 273 1847; x_wconf 89' lang='lat' dir='ltr'><strong>Item</strong></span> <span class='ocrx_word' id='word_1_243' title='bbox 306 1821 522 1846; x_wconf 87' lang='lat' dir='ltr'><strong>concessum</strong></span> <span class='ocrx_word' id='word_1_244' title='bbox 556 1811 615 1844; x_wconf 86' lang='lat' dir='ltr'><strong>est</strong></span> <span class='ocrx_word' id='word_1_245' title='bbox 643 1812 686 1845; x_wconf 91' lang='lat' dir='ltr'><strong>vt</strong></span> <span class='ocrx_word' id='word_1_246' title='bbox 719 1809 898 1856; x_wconf 82' lang='lat' dir='ltr'><strong>magister</strong></span> <span class='ocrx_word' id='word_1_247' title='bbox 930 1809 1147 1856; x_wconf 86' lang='lat' dir='ltr'><strong>Stephanus</strong></span> <span class='ocrx_word' id='word_1_248' title='bbox 1174 1808 1342 1844; x_wconf 87' lang='lat' dir='ltr'><strong>Feronde</strong></span> <span class='ocrx_word' id='word_1_249' title='bbox 1368 1808 1579 1844; x_wconf 89' lang='lat' dir='ltr'><strong>concionari</strong></span> <span class='ocrx_word' id='word_1_250' title='bbox 1608 1809 1728 1855; x_wconf 86' lang='lat' dir='ltr'><strong>possit</strong></span> 
     </span>
     <span class='ocr_line' id='line_1_29' title="bbox 268 1866 1307 1915; baseline -0.002 -11"><span class='ocrx_word' id='word_1_251' title='bbox 268 1867 316 1904; x_wconf 87' lang='lat' dir='ltr'><strong>ad</strong></span> <span class='ocrx_word' id='word_1_252' title='bbox 341 1867 521 1915; x_wconf 91' lang='lat' dir='ltr'><strong>populum</strong></span> <span class='ocrx_word' id='word_1_253' title='bbox 554 1871 656 1903; x_wconf 87' lang='lat' dir='ltr'><strong>tecto</strong></span> <span class='ocrx_word' id='word_1_254' title='bbox 682 1867 806 1914; x_wconf 70' lang='lat' dir='ltr'><strong>capite</strong></span> <span class='ocrx_word' id='word_1_255' title='bbox 854 1879 930 1903; x_wconf 91' lang='lat' dir='ltr'><strong>non</strong></span> <span class='ocrx_word' id='word_1_256' title='bbox 957 1866 1134 1903; x_wconf 87' lang='lat' dir='ltr'><strong>obstante</strong></span> <span class='ocrx_word' id='word_1_257' title='bbox 1159 1870 1307 1902; x_wconf 89' lang='lat' dir='ltr'><strong>statuto</strong></span> 
     </span>
    </p>
   </div>
   <div class='ocr_carea' id='block_1_3' title="bbox 692 2089 1858 2138">
    <p class='ocr_par' dir='ltr' id='par_1_8' title="bbox 692 2089 1858 2138">
     <span class='ocr_line' id='line_1_30' title="bbox 692 2089 1858 2138; baseline -0.011 0"><span class='ocrx_word' id='word_1_258' title='bbox 692 2095 904 2138; x_wconf 88' lang='lat' dir='ltr'><strong>Doctores</strong></span> <span class='ocrx_word' id='word_1_259' title='bbox 933 2095 980 2138; x_wconf 92' lang='lat' dir='ltr'><strong>in</strong></span> <span class='ocrx_word' id='word_1_260' title='bbox 1014 2095 1230 2138; x_wconf 89' lang='lat' dir='ltr'><strong>medicina</strong></span> <span class='ocrx_word' id='word_1_261' title='bbox 1741 2089 1769 2129; x_wconf 84' lang='lat' dir='ltr'><strong>f.</strong></span> <span class='ocrx_word' id='word_1_262' title='bbox 1793 2089 1816 2126; x_wconf 89' lang='lat'><strong>3</strong></span> <span class='ocrx_word' id='word_1_263' title='bbox 1834 2089 1858 2124; x_wconf 89' lang='lat' dir='ltr'>b</span> 
     </span>
    </p>
   </div>
   <div class='ocr_carea' id='block_1_4' title="bbox 175 2219 1726 2678">
    <p class='ocr_par' dir='ltr' id='par_1_9' title="bbox 175 2219 1726 2386">
     <span class='ocr_line' id='line_1_31' title="bbox 175 2219 1726 2269; baseline -0.002 -11"><span class='ocrx_word' id='word_1_264' title='bbox 175 2221 222 2257; x_wconf 89' lang='lat' dir='ltr'><strong>In</strong></span> <span class='ocrx_word' id='word_1_265' title='bbox 242 2221 374 2269; x_wconf 88' lang='lat' dir='ltr'><strong>primis</strong></span> <span class='ocrx_word' id='word_1_266' title='bbox 394 2221 613 2258; x_wconf 88' lang='lat' dir='ltr'><strong>conceditur</strong></span> <span class='ocrx_word' id='word_1_267' title='bbox 630 2220 770 2256; x_wconf 89' lang='lat' dir='ltr'><strong>Joanni</strong></span> <span class='ocrx_word' id='word_1_268' title='bbox 794 2220 931 2267; x_wconf 85' lang='lat' dir='ltr'><strong>Blythe</strong></span> <span class='ocrx_word' id='word_1_269' title='bbox 959 2221 999 2256; x_wconf 91' lang='lat' dir='ltr'><strong>in</strong></span> <span class='ocrx_word' id='word_1_270' title='bbox 1024 2220 1222 2256; x_wconf 87' lang='lat' dir='ltr'><strong>medicinis</strong></span> <span class='ocrx_word' id='word_1_271' title='bbox 1243 2219 1387 2256; x_wconf 84' lang='lat' dir='ltr'><strong>doctori</strong></span> <span class='ocrx_word' id='word_1_272' title='bbox 1413 2219 1583 2256; x_wconf 85' lang='lat' dir='ltr'><strong>Farrarie</strong></span> <span class='ocrx_word' id='word_1_273' title='bbox 1608 2223 1650 2255; x_wconf 86' lang='lat' dir='ltr'><strong>vt</strong></span> <span class='ocrx_word' id='word_1_274' title='bbox 1674 2220 1726 2256; x_wconf 86' lang='lat' dir='ltr'><strong>sit</strong></span> 
     </span>
     <span class='ocr_line' id='line_1_32' title="bbox 268 2278 1725 2328; baseline -0.001 -12"><span class='ocrx_word' id='word_1_275' title='bbox 268 2280 329 2317; x_wconf 89' lang='lat' dir='ltr'><strong>hic</strong></span> <span class='ocrx_word' id='word_1_276' title='bbox 359 2280 460 2328; x_wconf 90' lang='lat' dir='ltr'><strong>apud</strong></span> <span class='ocrx_word' id='word_1_277' title='bbox 493 2292 559 2316; x_wconf 91' lang='lat' dir='ltr'><strong>vos</strong></span> <span class='ocrx_word' id='word_1_278' title='bbox 590 2280 628 2316; x_wconf 92' lang='lat' dir='ltr'><strong>in</strong></span> <span class='ocrx_word' id='word_1_279' title='bbox 660 2280 791 2316; x_wconf 88' lang='lat' dir='ltr'><strong>eodem</strong></span> <span class='ocrx_word' id='word_1_280' title='bbox 822 2279 941 2327; x_wconf 84' lang='lat' dir='ltr'><strong>gradu</strong></span> <span class='ocrx_word' id='word_1_281' title='bbox 971 2291 1048 2326; x_wconf 91' lang='lat' dir='ltr'><strong>quo</strong></span> <span class='ocrx_word' id='word_1_282' title='bbox 1076 2280 1201 2316; x_wconf 87' lang='lat' dir='ltr'><strong>fuerat</strong></span> <span class='ocrx_word' id='word_1_283' title='bbox 1230 2278 1371 2315; x_wconf 89' lang='lat' dir='ltr'><strong>ibidem</strong></span> <span class='ocrx_word' id='word_1_284' title='bbox 1399 2279 1454 2315; x_wconf 89' lang='lat' dir='ltr'><strong>ita</strong></span> <span class='ocrx_word' id='word_1_285' title='bbox 1485 2279 1587 2326; x_wconf 92' lang='lat' dir='ltr'><strong>quod</strong></span> <span class='ocrx_word' id='word_1_286' title='bbox 1616 2279 1725 2315; x_wconf 88' lang='lat' dir='ltr'><strong>litere</strong></span> 
     </span>
     <span class='ocr_line' id='line_1_33' title="bbox 267 2338 980 2386; baseline -0.003 -10"><span class='ocrx_word' id='word_1_287' title='bbox 267 2339 406 2386; x_wconf 87' lang='lat' dir='ltr'><strong>gradus</strong></span> <span class='ocrx_word' id='word_1_288' title='bbox 421 2339 526 2386; x_wconf 88' lang='lat' dir='ltr'><strong>prius</strong></span> <span class='ocrx_word' id='word_1_289' title='bbox 542 2351 667 2375; x_wconf 90' lang='lat' dir='ltr'><strong>coram</strong></span> <span class='ocrx_word' id='word_1_290' title='bbox 684 2338 791 2375; x_wconf 90' lang='lat' dir='ltr'><strong>vobis</strong></span> <span class='ocrx_word' id='word_1_291' title='bbox 807 2338 980 2385; x_wconf 87' lang='lat' dir='ltr'><strong>legantur</strong></span> 
     </span>
    </p>

    <p class='ocr_par' dir='ltr' id='par_1_10' title="bbox 175 2397 1725 2503">
     <span class='ocr_line' id='line_1_34' title="bbox 175 2397 1725 2435; baseline -0.001 0"><span class='ocrx_word' id='word_1_292' title='bbox 175 2399 275 2435; x_wconf 89' lang='lat' dir='ltr'><strong>Item</strong></span> <span class='ocrx_word' id='word_1_293' title='bbox 303 2398 520 2434; x_wconf 87' lang='lat' dir='ltr'><strong>conceditur</strong></span> <span class='ocrx_word' id='word_1_294' title='bbox 543 2398 567 2434; x_wconf 86' lang='lat' dir='ltr'><strong>J</strong></span> <span class='ocrx_word' id='word_1_295' title='bbox 570 2398 682 2434; x_wconf 87' lang='lat' dir='ltr'><strong>oanni</strong></span> <span class='ocrx_word' id='word_1_296' title='bbox 709 2397 879 2434; x_wconf 88' lang='lat' dir='ltr'><strong>Hatcher</strong></span> <span class='ocrx_word' id='word_1_297' title='bbox 902 2401 945 2433; x_wconf 92' lang='lat' dir='ltr'><strong>vt</strong></span> <span class='ocrx_word' id='word_1_298' title='bbox 969 2397 1139 2434; x_wconf 87' lang='lat' dir='ltr'><strong>studium</strong></span> <span class='ocrx_word' id='word_1_299' title='bbox 1163 2409 1228 2433; x_wconf 86' lang='lat' dir='ltr'><strong>sex</strong></span> <span class='ocrx_word' id='word_1_300' title='bbox 1255 2408 1438 2433; x_wconf 89' lang='lat' dir='ltr'><strong>annorum</strong></span> <span class='ocrx_word' id='word_1_301' title='bbox 1464 2397 1503 2432; x_wconf 90' lang='lat' dir='ltr'><strong>in</strong></span> <span class='ocrx_word' id='word_1_302' title='bbox 1529 2397 1725 2434; x_wconf 88' lang='lat' dir='ltr'><strong>medicinis</strong></span> 
     </span>
     <span class='ocr_line' id='line_1_35' title="bbox 268 2453 1399 2503; baseline -0.002 -11"><span class='ocrx_word' id='word_1_303' title='bbox 268 2459 470 2503; x_wconf 84' lang='lat' dir='ltr'><strong>postquam</strong></span> <span class='ocrx_word' id='word_1_304' title='bbox 486 2456 623 2492; x_wconf 85' lang='lat' dir='ltr'><strong>rexerit</strong></span> <span class='ocrx_word' id='word_1_305' title='bbox 634 2455 796 2491; x_wconf 83' lang='lat' dir='ltr'><strong>sufficiat</strong></span> <span class='ocrx_word' id='word_1_306' title='bbox 813 2455 847 2491; x_wconf 89' lang='lat' dir='ltr'><strong>ei</strong></span> <span class='ocrx_word' id='word_1_307' title='bbox 863 2454 911 2491; x_wconf 89' lang='lat' dir='ltr'><strong>ad</strong></span> <span class='ocrx_word' id='word_1_308' title='bbox 929 2454 1184 2502; x_wconf 88' lang='lat' dir='ltr'><strong>incipiendum</strong></span> <span class='ocrx_word' id='word_1_309' title='bbox 1202 2454 1241 2490; x_wconf 90' lang='lat' dir='ltr'><strong>in</strong></span> <span class='ocrx_word' id='word_1_310' title='bbox 1258 2453 1399 2490; x_wconf 87' lang='lat' dir='ltr'><strong>eisdem</strong></span> 
     </span>
    </p>

    <p class='ocr_par' dir='ltr' id='par_1_11' title="bbox 175 2512 1723 2678">
     <span class='ocr_line' id='line_1_36' title="bbox 175 2512 1722 2561; baseline -0.002 -10"><span class='ocrx_word' id='word_1_311' title='bbox 175 2515 272 2551; x_wconf 83' lang='lat' dir='ltr'><strong>Item</strong></span> <span class='ocrx_word' id='word_1_312' title='bbox 298 2513 515 2550; x_wconf 87' lang='lat' dir='ltr'><strong>conceditur</strong></span> <span class='ocrx_word' id='word_1_313' title='bbox 539 2514 732 2561; x_wconf 88' lang='lat' dir='ltr'><strong>Stephano</strong></span> <span class='ocrx_word' id='word_1_314' title='bbox 755 2513 906 2560; x_wconf 88' lang='lat' dir='ltr'><strong>Caslegs</strong></span> <span class='ocrx_word' id='word_1_315' title='bbox 929 2514 1071 2550; x_wconf 88' lang='lat' dir='ltr'><strong>artium</strong></span> <span class='ocrx_word' id='word_1_316' title='bbox 1091 2513 1289 2560; x_wconf 85' lang='lat' dir='ltr'><strong>professori</strong></span> <span class='ocrx_word' id='word_1_317' title='bbox 1313 2512 1468 2549; x_wconf 83' lang='lat' dir='ltr'><strong>Oxoniis</strong></span> <span class='ocrx_word' id='word_1_318' title='bbox 1490 2517 1533 2548; x_wconf 89' lang='lat' dir='ltr'><strong>vt</strong></span> <span class='ocrx_word' id='word_1_319' title='bbox 1552 2513 1722 2549; x_wconf 87' lang='lat' dir='ltr'><strong>studium</strong></span> 
     </span>
     <span class='ocr_line' id='line_1_37' title="bbox 270 2571 1723 2620; baseline 0 -12"><span class='ocrx_word' id='word_1_320' title='bbox 270 2576 313 2609; x_wconf 83' lang='lat'><strong>12</strong></span> <span class='ocrx_word' id='word_1_321' title='bbox 330 2584 514 2609; x_wconf 88' lang='lat' dir='ltr'><strong>annorum</strong></span> <span class='ocrx_word' id='word_1_322' title='bbox 531 2573 569 2608; x_wconf 91' lang='lat' dir='ltr'><strong>in</strong></span> <span class='ocrx_word' id='word_1_323' title='bbox 587 2585 627 2609; x_wconf 90' lang='lat' dir='ltr'><strong>re</strong></span> <span class='ocrx_word' id='word_1_324' title='bbox 640 2572 785 2609; x_wconf 88' lang='lat' dir='ltr'><strong>medica</strong></span> <span class='ocrx_word' id='word_1_325' title='bbox 801 2573 840 2608; x_wconf 89' lang='lat' dir='ltr'><strong>in</strong></span> <span class='ocrx_word' id='word_1_326' title='bbox 858 2572 997 2619; x_wconf 89' lang='lat' dir='ltr'><strong>quibus</strong></span> <span class='ocrx_word' id='word_1_327' title='bbox 1013 2572 1159 2620; x_wconf 87' lang='lat' dir='ltr'><strong>praxim</strong></span> <span class='ocrx_word' id='word_1_328' title='bbox 1177 2571 1342 2607; x_wconf 79' lang='lat' dir='ltr'><strong>exercuit</strong></span> <span class='ocrx_word' id='word_1_329' title='bbox 1358 2582 1426 2618; x_wconf 89' lang='lat' dir='ltr'><strong>per</strong></span> <span class='ocrx_word' id='word_1_330' title='bbox 1441 2573 1586 2618; x_wconf 87' lang='lat' dir='ltr'><strong>septem</strong></span> <span class='ocrx_word' id='word_1_331' title='bbox 1603 2583 1723 2609; x_wconf 87' lang='lat' dir='ltr'><strong>annos</strong></span> 
     </span>
     <span class='ocr_line' id='line_1_38' title="bbox 268 2630 1219 2678; baseline -0.002 -10"><span class='ocrx_word' id='word_1_332' title='bbox 268 2631 430 2668; x_wconf 86' lang='lat' dir='ltr'><strong>sufficiat</strong></span> <span class='ocrx_word' id='word_1_333' title='bbox 445 2631 479 2667; x_wconf 90' lang='lat' dir='ltr'><strong>ei</strong></span> <span class='ocrx_word' id='word_1_334' title='bbox 496 2631 544 2667; x_wconf 91' lang='lat' dir='ltr'><strong>ad</strong></span> <span class='ocrx_word' id='word_1_335' title='bbox 562 2631 818 2678; x_wconf 89' lang='lat' dir='ltr'><strong>incipiendum</strong></span> <span class='ocrx_word' id='word_1_336' title='bbox 835 2632 874 2667; x_wconf 91' lang='lat' dir='ltr'><strong>in</strong></span> <span class='ocrx_word' id='word_1_337' title='bbox 891 2631 1022 2667; x_wconf 87' lang='lat' dir='ltr'><strong>eadem</strong></span> <span class='ocrx_word' id='word_1_338' title='bbox 1039 2630 1219 2666; x_wconf 84' lang='lat' dir='ltr'><strong>facultate</strong></span> 
     </span>
    </p>
   </div>
  </div>
 </body>
</html>
