1976 3276
181 152 402 208 1568-69]
764 165 916 196 GRAOE
947 165 1071 196 ΒοοΚ
1103 165 1133 196 Δ
1648 159 1730 200 225

274 265 449 301 cautione
459 278 506 302 cs
547 267 704 313 (peregit
715 267 857 312 omnia)
899 267 999 303 Item
1020 267 1211 313 magistris
1222 267 1386 303 Roberto
1402 268 1532 305 Tower
1549 271 1587 316 (3
1604 270 1728 317 Junii)

273 326 313 360 et
330 324 495 361 Roberto
512 325 677 372 Lynford
700 326 763 372 (10
778 326 803 361 J
805 326 899 372 unii)
918 338 1004 362 cum
1021 326 1148 363 studio
1165 330 1186 362 5
1203 338 1388 363 annorum
1405 331 1445 363 et
1468 328 1540 364 sub
1557 330 1731 367 cautione

274 383 308 430 vj
323 384 350 419 li
384 385 590 432 respective
648 386 810 432 (peregit
841 386 968 422 omnia
999 387 1132 434 marg.)
1193 387 1403 423 Presentati
1437 399 1504 434 per
1537 388 1728 426 doctorem

274 442 464 490 Whitgyft
484 447 523 479 et
539 444 694 479 admissi
711 447 754 480 vt
777 447 884 491 patet
933 445 1032 481 Item
1049 448 1088 481 3⁰
1103 445 1127 481 J
1130 445 1209 481 unii
1226 445 1357 482 eadem
1372 446 1495 492 gratia
1511 448 1729 484 conceditur

272 502 463 548 magistris
495 501 564 538 Ed.
601 501 780 550 Hausbye
811 505 851 538 et
885 506 930 539 10
961 503 985 539 J
989 503 1069 540 unii
1100 504 1191 540 Tho.
1221 504 1344 540 Drant
1377 505 1553 552 (Hausby
1586 507 1727 553 peregit

269 561 395 596 omnia
418 560 541 596 Drant
564 560 745 596 forisfecit
769 562 900 609 mrq.)
951 561 1162 598 Presentati
1187 573 1253 609 per
1277 561 1421 610 [blank]
1443 564 1483 599 et
1503 562 1659 599 admissi
1684 568 1727 600 vt

269 621 374 665 patet
398 619 437 654 in
461 619 584 666 capite
608 631 737 655 eorum

173 677 400 714 Conceditur
417 681 461 714 25
480 678 611 714 Martii
630 679 811 724 magistro
828 679 937 716 Edm.
957 679 1155 727 Chapman
1173 683 1215 716 vt
1231 680 1404 717 studium
1422 683 1443 718 7
1461 693 1647 717 annorum
1664 686 1725 718 etc

265 800 326 832 etc
353 798 517 833 sufficiat
541 797 576 833 ei
601 800 680 833 tam
705 797 754 833 ad
779 798 1046 844 opponendum
1076 810 1192 845 quam
1217 798 1266 834 ad
1292 799 1514 835 intrandum
1546 800 1586 835 in
1617 811 1724 835 sacra

270 856 458 903 theologia
501 857 657 904 (peregit
670 857 797 892 omnia
808 858 941 906 marq.)
984 857 1229 893 Presentatus
1241 869 1308 904 per
1317 857 1509 894 doctorem
1522 858 1723 905 Whitgifte

268 918 308 950 et
332 914 522 951 admissus
549 915 681 951 eodem
1612 909 1615 914 ’

170 973 312 1009 Eadem
334 973 456 1020 gratia
478 973 697 1010 conceditur
722 976 758 1009 1⁰
780 973 924 1020 Aprilis
947 973 1130 1020 magistro
1154 973 1337 1010 Nicholao
1360 974 1516 1010 Browne
1539 986 1626 1010 cum
1649 975 1723 1011 ista

263 1032 432 1069 clausula
454 1033 509 1068 ita
530 1035 660 1069 tamen
685 1035 727 1068 vt
747 1033 780 1068 si
803 1032 1005 1068 annualem
1027 1031 1219 1068 redditum
1246 1033 1293 1069 ad
1314 1033 1479 1069 valorem
1503 1034 1542 1069 in
1565 1034 1723 1070 statutis

262 1091 472 1127 limitatum
504 1094 758 1137 consequatur
786 1092 875 1126 ante
903 1090 1046 1126 festum
1076 1090 1248 1126 Barnabe
1274 1091 1487 1138 proximum
1512 1092 1723 1128 satisfaciat

264 1151 452 1187 officiariis
474 1150 545 1187 sub
569 1162 667 1198 pena
682 1150 742 1186 xli
763 1149 937 1197 ponenda
953 1152 1013 1186 etc
1063 1149 1222 1197 (peregit
1235 1150 1362 1185 omnia
1379 1150 1510 1197 marq.)
1570 1151 1721 1187 Presen-

263 1212 368 1246 tatus
392 1222 459 1257 per
482 1209 675 1246 doctorem
700 1208 892 1256 Whitgyft
917 1210 957 1244 et
980 1207 1171 1244 admissus
1195 1208 1326 1244 eodem

167 1268 395 1305 Conceditur
411 1271 454 1304 21
474 1268 648 1304 Januarii
667 1267 848 1314 magistro
874 1267 1056 1303 Nicholao
1082 1267 1187 1303 Huet
1210 1270 1253 1303 vt
1276 1267 1447 1304 studium
1473 1268 1507 1314 vj
1534 1280 1721 1304 annorum
1741 1270 1765 1308 f.
1790 1270 1839 1309 97
1863 1271 1887 1308 b

263 1328 301 1363 in
320 1328 506 1374 theologia
523 1330 725 1375 postquam
742 1327 881 1363 rexerit
902 1328 941 1362 in
962 1326 1110 1362 artibus
1133 1339 1220 1362 cum
1243 1327 1547 1374 oppositionibus
1570 1340 1720 1375 respon-

262 1387 432 1423 sionibus
447 1386 684 1423 sermonibus
704 1390 743 1422 et
765 1387 852 1422 aliis
871 1387 1061 1422 exercitiis
1083 1398 1148 1433 per
1170 1390 1319 1422 statuta
1341 1387 1536 1432 requisitis
1558 1387 1722 1423 sufficiat

264 1446 298 1481 ei
315 1449 395 1482 tam
412 1446 461 1482 ad
478 1445 743 1493 opponendum
766 1457 880 1492 quam
901 1445 950 1481 ad
973 1445 1194 1481 intrandum
1212 1445 1251 1480 in
1269 1457 1376 1481 sacra
1398 1445 1586 1492 theologia
1636 1446 1721 1482 Pre-

262 1508 436 1541 sentatus
452 1517 520 1552 per
535 1505 726 1541 doctorem
745 1505 863 1552 Porye
879 1507 920 1540 et
935 1504 1126 1541 admissus
1144 1507 1189 1540 25
1209 1505 1338 1540 Martii

170 1563 311 1600 Eadem
328 1564 451 1610 gratia
467 1563 687 1600 conceditur
703 1563 789 1609 iiijw
807 1563 936 1599 Martii
954 1563 1135 1610 magistro
1155 1563 1320 1599 Roberto
1344 1564 1491 1599 Norton
1509 1566 1549 1599 et
1567 1564 1719 1611 Hugoni

265 1623 460 1661 Castleton
512 1623 722 1675 Presentati
756 1635 824 1670 per
854 1623 1047 1659 doctorem
1076 1623 1254 1670 Whitgift
1286 1627 1325 1659 et
1357 1623 1513 1659 admissi
1550 1626 1594 1659 13
1627 1624 1719 1659 Maii

265 1684 504 1730 (peregerunt
521 1683 647 1718 omnia
664 1682 797 1730 mary.)

168 1741 395 1778 Conceditur
419 1745 441 1778 4
467 1742 597 1778 Martii
623 1741 804 1788 magistro
831 1741 974 1787 Rogero
999 1741 1128 1778 Goade
1153 1746 1196 1777 vt
1220 1741 1392 1777 studium
1418 1745 1439 1776 5
1465 1753 1649 1778 annorum
1679 1743 1719 1778 in

261 1801 448 1848 theologia
469 1804 671 1848 postquam
694 1804 754 1836 etc
777 1813 863 1836 cum
887 1800 1190 1847 oppositionibus
1218 1805 1279 1836 etc
1306 1801 1470 1836 sufficiat
1497 1801 1532 1836 ei
1562 1804 1642 1837 tam
1671 1802 1720 1837 ad

261 1860 527 1908 opponendum
544 1872 660 1907 quam
677 1860 725 1896 ad
743 1859 966 1895 intrandum
988 1860 1026 1896 in
1049 1872 1156 1896 sacra
1178 1860 1365 1907 theologia
1388 1861 1444 1896 ita
1466 1864 1594 1896 tamen
1617 1861 1719 1907 quod

261 1920 293 1956 si
310 1924 563 1966 consequatur
579 1920 782 1955 annualem
800 1918 992 1955 redditum
1010 1919 1057 1955 ad
1076 1919 1242 1954 valorem
1264 1919 1302 1954 in
1326 1919 1486 1955 statutis
1509 1919 1719 1956 limitatum

260 1983 350 2015 ante
372 1979 526 2015 comitia
549 1978 719 2025 proxima
741 1978 953 2014 satisfaciat
974 1978 1163 2014 officiariis
1184 1977 1257 2013 sub
1276 1989 1374 2024 pena
1397 1977 1458 2013 xli
1482 1978 1657 2024 ponenda
1680 1979 1719 2014 in

262 2037 436 2074 manibus
463 2042 749 2085 procuratorum
774 2040 864 2073 ante
889 2037 970 2072 eius
995 2037 1263 2072 admissionem
1289 2040 1329 2072 et
1354 2040 1396 2072 vt
1420 2037 1541 2083 possit
1565 2037 1718 2073 admitti

263 2097 440 2134 hodierno
459 2097 520 2134 die
540 2110 615 2133 non
638 2097 814 2133 obstante
836 2097 938 2144 quod
963 2109 1038 2132 non
1064 2096 1249 2143 peregerit
1273 2108 1483 2131 sermonem
1507 2096 1555 2132 ad
1578 2097 1718 2132 clerum

259 2169 372 2204 quem
394 2160 617 2204 peracturus
633 2159 692 2193 est
714 2157 885 2204 proxima
907 2156 1122 2203 septimana
1171 2156 1417 2191 Presentatus
1439 2167 1506 2202 per
1527 2155 1719 2191 doctorem

263 2216 442 2252 Hawford
486 2215 675 2252 admissus
691 2216 822 2252 eodem

169 2273 395 2310 Conceditur
419 2276 463 2310 10
479 2273 586 2309 Junii
609 2274 791 2319 magistro
816 2272 967 2308 Olivero
991 2271 1126 2307 Carter
1148 2273 1190 2306 vt
1214 2270 1386 2306 studium
1412 2270 1446 2318 vj
1470 2283 1658 2307 annorum
1681 2272 1720 2307 in

261 2333 450 2380 theologia
466 2335 526 2368 etc
542 2344 629 2368 cum
647 2330 950 2378 oppositionibus
966 2334 1026 2365 etc
1043 2329 1281 2376 perficiendis
1298 2329 1396 2364 infra
1413 2341 1555 2365 annum
1573 2342 1640 2366 sue
1656 2330 1720 2365 ad-

263 2392 454 2427 missionis
469 2390 541 2427 sub
558 2403 655 2438 pena
667 2389 719 2438 [vj
732 2389 775 2438 li]
789 2389 962 2436 ponenda
978 2391 1039 2424 etc
1055 2388 1219 2423 sufficiat
1236 2388 1270 2423 ei
1289 2392 1369 2423 tam
1386 2387 1435 2423 ad
1453 2388 1721 2435 opponendum

262 2463 377 2498 quam
402 2450 451 2486 ad
474 2449 693 2486 intrandum
710 2449 750 2484 in
773 2460 878 2484 sacra
895 2448 1083 2494 theologia
1133 2447 1290 2494 (peregit
1307 2447 1435 2482 omnia
1452 2448 1585 2494 marq.)
1636 2448 1720 2483 Pre-

263 2512 436 2545 sentatus
459 2520 526 2555 per
549 2508 740 2544 doctorem
759 2506 1006 2553 Longeworth
1055 2505 1246 2541 admissus
1266 2508 1307 2542 17
1326 2505 1349 2540 J
1354 2506 1434 2540 unii

168 2568 310 2605 Eadem
331 2569 453 2615 gratia
474 2567 692 2604 conceditur
716 2568 758 2603 17
781 2566 805 2602 J
809 2566 888 2601 unii
913 2565 1093 2611 magistro
1111 2564 1174 2600 W⁰
1198 2564 1340 2600 Gravet
1390 2565 1635 2600 Presentatus
1657 2577 1724 2611 per

264 2618 305 2664 d.'
320 2627 565 2674 Longeworth
614 2626 804 2663 admissus
830 2629 866 2661 1ο
887 2625 910 2661 J
915 2625 982 2660 ulii
1031 2625 1190 2671 (peregit
1210 2624 1338 2660 omnia
1362 2629 1489 2671 preter
1511 2636 1723 2661 sermonem

263 2687 311 2724 ad
327 2688 510 2734 populum
526 2688 659 2735 marq.)

169 2744 396 2781 Conceditur
415 2747 459 2780 10
471 2745 494 2780 J
498 2745 578 2780 unii
596 2744 776 2790 magistro
789 2743 852 2779 W⁰
867 2742 1061 2790 Harryson
1074 2745 1117 2777 vt
1134 2742 1304 2778 studium
1324 2744 1343 2779 7
1362 2753 1548 2777 annorum
1562 2742 1601 2777 in
1616 2742 1721 2783 theo-

259 2803 357 2850 logia
391 2806 596 2850 postquam
625 2803 762 2838 rexerit
792 2802 831 2837 in
860 2801 1007 2837 artibus
1038 2800 1181 2837 Oxonie
1212 2812 1299 2836 cum
1329 2800 1633 2847 oppositionibus
1662 2806 1723 2836 etc

261 2862 497 2910 perficiendis
513 2866 572 2898 etc
589 2862 661 2898 sub
678 2873 775 2909 pena
791 2861 852 2896 xli
869 2860 1044 2908 ponenda
1058 2864 1118 2896 etc
1135 2860 1300 2896 sufficiat
1317 2860 1351 2895 ei
1368 2863 1449 2895 tam
1465 2860 1515 2895 ad
1531 2872 1721 2907 opponen-

282 2945 311 2971 ι..
337 2945 376 2972 1v
1563 2933 1609 2970 15
