2008 3216
205 586 354 625 [9222

370 185 456 226 210
951 191 1103 223 GRACE
1134 191 1257 222 Boou
1289 191 1318 222 Δ
1696 181 1923 237 [1567-68

464 298 630 333 Jackson
657 297 749 333 Rob.
776 297 926 332 Sendell
951 296 1043 332 Tho.
1071 295 1223 332 Sowthe
1248 296 1305 331 J0.
1330 296 1433 343 Amy
1454 297 1478 333 J
1481 309 1512 332 o.
1538 297 1639 333 Gent
1664 296 1755 332 Rob.
1781 296 1926 332 Boothe

464 355 528 391 W⁰
545 355 727 402 Calthrop
745 354 837 390 Rob.
855 353 1089 390 Richardson
1107 354 1201 389 Tho.
1217 354 1332 389 Putto
1350 354 1428 390 Ric.
1448 354 1616 390 Barnard
1630 354 1694 390 W0
1705 354 1925 390 Whitacker

465 413 529 448 W⁰
546 413 750 459 Barwycke
762 412 855 448 Rod.
874 411 972 448 Alen
990 412 1136 448 Cornel.
1150 411 1317 448 Whelles
1330 412 1464 448 Carolo
1478 412 1669 459 Radclyffe
1682 412 1745 447 W⁰
1758 412 1923 448 Cheston

465 472 572 508 Geor.
592 471 665 507 Lee
682 470 844 506 Ricardo
862 471 981 506 Perne
997 470 1062 506 W⁰
1078 471 1316 517 Hopkynson
1334 471 1497 506 Eusebio
1515 472 1630 518 Paget
1647 471 1752 507 Geor.
1773 471 1923 518 Dyken-

464 542 533 566 son
559 530 656 566 Hen.
682 530 807 566 Cooke
829 533 868 565 et
890 542 977 565 cum
1000 533 1041 565 11
1067 530 1242 565 terminis
1263 530 1287 565 J
1290 541 1365 566 aco.
1386 530 1505 577 Rylye
1521 531 1545 566 J
1548 543 1579 567 0.
1598 530 1745 566 Ardren
1764 529 1924 565 Ricardo

467 588 668 634 Hodgeson
690 588 782 623 Tho.
803 588 1019 634 Pylkynton
1043 586 1136 623 Rob.
1161 587 1333 623 Churche
1356 588 1539 624 Nicholao
1562 588 1768 634 Bauldwyn
1791 588 1921 623 Franc.

466 647 590 682 Perlet
610 646 793 681 Nicholao
817 645 940 686 Staull
958 645 1049 681 Rob.
1071 645 1255 681 Harrison
1274 646 1370 683 Galf.
1390 647 1510 682 Lorde
1529 646 1619 682 Rob.
1641 646 1730 682 Hall
1749 646 1923 682 Michaeli

466 706 623 741 Warton
646 705 851 741 Laurentio
874 705 1090 741 Chaderton
1151 705 1203 740 Et
1225 717 1312 741 cum
1338 709 1379 741 11
1405 707 1579 742 terminis
1601 718 1687 741 cum
1704 706 1866 741 termino
1882 706 1922 742 in

466 775 542 810 quo
565 764 623 799 J0.
649 764 728 799 Bell
752 764 811 799 Jo.
838 763 1019 799 Newland
1068 763 1119 798 Et
1143 775 1228 798 cum
1256 766 1301 799 10
1325 764 1497 799 terminis
1523 765 1682 800 Ricardo
1707 764 1861 811 Kyrbye
1885 767 1925 800 et

466 834 553 858 cum
573 825 618 858 10
635 822 809 858 terminis
825 834 911 858 cum
929 821 1092 857 termino
1108 821 1147 856 in
1164 833 1239 868 quo
1256 822 1365 858 Edm.
1385 823 1490 858 Price

372 880 599 916 Conceditur
622 883 668 916 23
690 881 864 916 Januarii
887 881 911 916 J
915 893 946 917 o.
966 880 1212 926 Longeworth
1236 883 1279 916 vt
1301 883 1323 916 8
1346 881 1499 916 termini
1523 881 1562 916 in
1583 880 1654 916 hac
1674 881 1865 916 academia
1884 880 1923 916 in

466 939 606 986 quibus
621 940 801 976 lectiones
817 940 1026 976 ordinarias
1042 942 1102 975 etc
1115 942 1153 975 et
1166 939 1355 986 reliquum
1367 944 1520 986 tempus
1532 951 1609 986 quo
1621 939 1764 975 Oxonie
1776 939 1925 975 studuit

466 1011 554 1035 cum
571 998 874 1046 oppositionibus
890 1002 950 1035 etc
967 998 1158 1034 sufficiant
1174 999 1209 1034 ei
1226 998 1274 1034 ad
1291 999 1593 1046 respondendum
1612 999 1800 1045 questioni

372 1056 601 1092 Conceditur
619 1059 663 1092 13
680 1056 876 1092 Februarii
893 1056 1062 1092 Samueli
1084 1056 1203 1092 Hales
1222 1059 1265 1092 vt
1289 1059 1334 1092 12
1356 1057 1510 1092 termini
1533 1057 1573 1092 in
1595 1056 1734 1102 quibus
1755 1058 1815 1092 etc
1837 1067 1924 1092 cum

467 1115 770 1162 oppositionibus
786 1118 847 1152 etc
863 1115 1055 1151 sufficiant
1073 1115 1107 1151 ei
1124 1115 1173 1151 ad
1190 1115 1494 1162 respondendum
1511 1116 1700 1162 questioni

372 1173 516 1210 Eadem
542 1174 666 1221 gratia
693 1173 913 1210 conceditur
938 1174 1070 1210 eodem
1098 1173 1263 1210 Roberto
1289 1173 1510 1221 Wyddoson
1539 1173 1699 1210 Ricardo
1729 1172 1926 1211 Osbourne

466 1232 503 1267 N
505 1232 576 1268 ich.
590 1232 750 1279 Wydley
768 1232 901 1268 Carolo
919 1233 1021 1268 Dent
1037 1233 1060 1268 J
1063 1244 1094 1268 0.
1115 1232 1193 1268 Fox
1211 1232 1278 1268 Ed.
1300 1232 1457 1268 Rolston
1475 1232 1566 1268 Tho.
1581 1232 1731 1279 Wright
1748 1231 1924 1267 Michaeli

467 1290 631 1338 Haydon
655 1291 762 1327 Geor.
782 1291 880 1327 wall
903 1291 961 1327 J0.
980 1290 1164 1338 Campion
1182 1291 1246 1327 W⁰
1263 1292 1365 1338 Tyeo
1414 1292 1466 1327 Et
1488 1303 1575 1327 cum
1601 1294 1641 1326 11
1666 1290 1839 1326 terminis
1859 1290 1925 1326 W⁰

466 1350 731 1397 Goldyngham
791 1351 843 1386 Et
871 1362 958 1386 cum
990 1353 1030 1386 11
1065 1351 1240 1386 terminis
1272 1363 1358 1387 cum
1392 1353 1562 1397 tempore
1595 1351 1635 1386 in
1668 1362 1743 1396 quo
1776 1349 1925 1386 studuit

466 1409 607 1446 Oxonie
630 1410 668 1446 in
692 1410 831 1457 quibus
853 1414 912 1446 etc
938 1409 1098 1446 Ricardo
1115 1410 1330 1457 Bawldwyn
1381 1411 1442 1446 Ita
1459 1413 1587 1446 tamen
1607 1413 1648 1445 vt
1665 1410 1745 1445 eius
1762 1409 1924 1446 eruditio

467 1467 696 1514 approbetur
712 1467 761 1503 ab
778 1467 1098 1503 examinatoribus
1114 1471 1204 1503 ante
1221 1467 1302 1503 eius
1318 1468 1586 1503 admissionem

373 1525 514 1561 Eadem
537 1526 660 1573 gratia
683 1526 902 1563 conceditur
925 1528 970 1563 27
993 1526 1186 1562 Februarii
1209 1537 1295 1562 cum
1322 1529 1362 1562 11
1388 1526 1562 1562 terminis
1585 1525 1648 1561 W⁰
1671 1526 1868 1573 Morganes
1885 1529 1925 1562 et

466 1596 553 1621 cum
573 1588 617 1621 10
633 1586 806 1621 terminis
823 1586 921 1622 Hen.
941 1585 1078 1622 Glover
1096 1585 1212 1622 Paulo
1229 1586 1346 1622 Goter
1979 1588 1982 1591 ’

373 1643 515 1680 Eadem
531 1645 652 1691 gratia
669 1645 887 1682 conceditur
903 1647 949 1681 26
969 1645 1096 1681 Martii
1114 1657 1201 1681 cum
1221 1647 1265 1681 12
1283 1645 1456 1681 terminis
1472 1645 1536 1681 W0
1553 1645 1697 1680 Boothe

373 1702 600 1739 Conceditur
617 1707 663 1740 23
679 1704 851 1740 Januarii
868 1704 1042 1751 Philippo
1055 1704 1239 1751 Stryngar
1255 1706 1298 1739 vt
1317 1707 1357 1739 11.
1377 1703 1531 1740 termini
1549 1704 1587 1739 in
1606 1703 1744 1750 quibus
1761 1707 1820 1739 etc
1837 1714 1923 1740 cum

467 1763 767 1809 oppositionibus
783 1766 844 1799 etc
860 1764 1049 1799 sufficiant
1066 1763 1100 1799 ei
1117 1762 1166 1799 ad
1182 1762 1484 1810 respondendum
1504 1763 1692 1809 questioni

375 1820 515 1857 Eadem
537 1822 658 1869 gratia
680 1822 897 1858 conceditur
918 1821 1049 1858 eodem
1071 1822 1129 1858 J0.
1155 1822 1232 1858 Fox
1255 1822 1318 1858 W⁰
1340 1821 1484 1858 Adams
1506 1822 1529 1857 J
1532 1834 1563 1858 o.
1586 1822 1741 1857 Lawson
1765 1821 1923 1859 Lauren.

467 1880 585 1916 Yates
601 1884 640 1917 et
656 1881 680 1917 J
683 1893 714 1917 ο.
734 1881 893 1928 Smythe

373 1939 601 1975 Conceditur
617 1942 662 1977 27
680 1939 873 1976 Februarii
891 1940 914 1976 J
917 1952 948 1976 ο.
970 1940 1118 1976 Penven
1136 1942 1178 1975 vt
1195 1942 1218 1976 9
1235 1940 1387 1976 termini
1406 1940 1444 1975 in
1463 1940 1537 1987 ista
1554 1939 1745 1975 academia
1766 1941 1806 1975 et
1828 1951 1925 1975 vnus

466 2011 590 2035 annus
613 1999 651 2035 in
675 1999 941 2035 transmarinis
964 1998 1136 2046 partibus
1159 1999 1198 2034 in
1220 1999 1359 2046 quibus
1382 1999 1560 2036 lectiones
1582 2002 1642 2035 etc
1666 2010 1752 2035 cum
1778 1999 1924 2046 opposi-

467 2057 635 2094 tionibus
652 2061 711 2094 etc
728 2058 919 2094 sufficiant
935 2058 969 2093 ei
986 2057 1034 2094 ad
1051 2057 1352 2104 respondendum
1370 2058 1560 2104 questioni

372 2117 469 2153 Cum
499 2117 573 2154 hiis
601 2117 951 2154 determinauerunt
978 2129 1023 2153 ex
1051 2117 1205 2164 collegio
1235 2117 1350 2164 Regio
1379 2118 1444 2164 qui
1474 2117 1617 2153 nullam
1650 2116 1699 2152 ab
1732 2116 1924 2152 academia

467 2179 603 2223 petunt
624 2176 785 2223 gratiam
808 2175 873 2212 sed
897 2175 1046 2223 publica
1068 2176 1211 2223 collegii
1236 2175 1308 2212 fide
1331 2178 1482 2212 tantum
1506 2178 1773 2222 presentantur
1796 2178 1834 2211 et
1859 2174 1923 2211 ad-

467 2234 678 2271 mittuntur
699 2235 800 2272 Edw.
819 2235 977 2282 Jermyn
1002 2235 1097 2281 Aug.
1118 2235 1227 2282 Dyke
1246 2234 1336 2271 Rob.
1357 2234 1501 2281 Draper
1517 2234 1574 2271 J0.
1595 2234 1774 2269 Dawnser
1790 2233 1924 2270 Bauld.

467 2293 611 2329 Jonson
631 2292 739 2329 Nich.
759 2292 960 2329 Edwardes
979 2293 1033 2329 W.
1056 2293 1212 2329 Mounte

372 2351 601 2389 Conceditur
617 2355 658 2388 12
674 2352 890 2388 Decembris
901 2356 943 2389 vt
956 2352 1204 2399 questioniste
1217 2351 1468 2399 respondeant
1482 2351 1671 2398 questioni
1685 2353 1771 2398 post
1783 2351 1923 2387 festum

467 2410 739 2458 purificationis
755 2409 864 2446 beate
884 2410 1001 2446 Marie
1019 2421 1092 2446 non
1110 2409 1286 2446 obstante
1302 2413 1450 2446 statuto

373 2469 600 2506 Conceditur
617 2472 662 2506 23
679 2470 850 2506 Januarii
869 2474 912 2505 vt
928 2469 1097 2516 magistri
1118 2469 1225 2517 Rylie
1242 2474 1281 2506 et
1299 2469 1425 2505 Bucke
1445 2469 1525 2505 sint
1550 2471 1675 2505 vestra
1697 2469 1924 2505 auctoritate

463 2527 609 2576 judices
625 2532 664 2565 et
680 2528 954 2565 examinatores
971 2528 1307 2576 qucstionistarum
1325 2527 1437 2566 huius
1454 2527 1544 2565 anni
