1976 3276
157 185 325 228 1572-7
330 184 376 242 3]
735 196 886 230 onAcn
915 196 1040 229 Boox
1072 198 1100 228 Δ
1618 187 1700 230 265

155 300 381 337 Conceditur
404 303 450 337 24
473 301 645 337 ,Ianuarii
706 301 892 346 Quoniam
916 301 1095 348 magister
1120 301 1250 338 Barth.
1277 301 1409 338 Clerke
1433 302 1473 338 in
1497 302 1577 338 iure
1602 302 1702 338 civili
1721 309 1746 347 f,
1773 308 1845 347 111
1862 321 1886 346 a

248 359 436 396 admissus
456 359 626 407 inceptor
645 363 798 408 propter
814 372 949 408 magna
965 364 1005 397 et
1026 361 1154 408 gravia
1170 361 1321 407 negocia
1343 361 1524 408 proximis
1539 361 1703 397 comitiis

249 419 429 456 interesse
451 431 526 456 non
551 422 677 467 potest
701 420 824 467 placet
846 420 952 457 vobis
974 423 1017 456 vt
1038 421 1119 457 eius
1143 421 1282 457 creatio
1303 420 1501 457 differatur
1520 432 1638 468 vsque
1663 421 1702 456 in

248 478 457 526 proximam
481 479 805 525 congregacionem
830 479 1039 526 regentium
1069 482 1155 526 post
1180 479 1281 515 illius
1309 480 1521 527 proximum
1547 479 1595 516 ad
1620 491 1702 515 aca-

247 537 410 574 demiam
433 538 638 574 adventum
688 538 794 575 Idem
816 542 965 575 creatus
981 541 1040 575 est
1062 539 1101 574 in
1121 538 1282 586 publicis
1298 539 1408 574 scolis
1425 550 1491 586 per
1505 538 1700 574 dominum

247 596 589 632 vicecancellarium
607 599 630 631 8
648 597 740 633 Maii

153 655 379 692 Conceditur
405 658 449 692 19
474 656 580 692 Junii
605 657 786 703 magistro
811 657 954 693 Thome
979 657 1122 693 Creake
1146 660 1188 692 vt
1211 656 1382 693 studium
1407 660 1429 692 5
1451 668 1636 693 annorum
1661 657 1701 692 in

246 713 326 750 iure
342 714 441 750 civili
465 718 550 761 post
566 715 724 761 gradum
740 715 1066 752 bacchalauriatus
1082 716 1122 751 in
1139 715 1270 752 eadem
1286 715 1466 751 facultate
1483 719 1701 762 susceptum

245 786 330 810 cum
353 774 656 822 opposicionibus
679 774 984 822 responsionibus
1006 778 1045 812 et
1066 775 1151 811 aliis
1174 775 1361 811 exercitiis
1385 787 1452 822 per
1474 778 1622 811 statuta
1645 787 1700 811 re-

245 832 397 880 quisitis
422 833 584 869 sufficiat
611 834 646 869 ei
671 833 720 870 ad
752 834 1054 882 respondendum
1088 835 1126 870 in
1159 834 1291 871 eodem
1323 835 1403 870 iure
1458 835 1700 871 Presentatus

244 891 374 928 eodem
398 903 465 939 per
488 892 679 929 doctorem
705 893 836 942 Harvy

603 1102 913 1146 Bacchalaurei
943 1103 990 1146 in
1023 1103 1246 1161 theologia

149 1217 374 1254 Conceditur
389 1220 412 1254 6
430 1218 559 1255 Martii
576 1219 755 1266 magistro
772 1220 1005 1256 Christoforo
1024 1221 1211 1257 Kirkland
1229 1224 1270 1257 vt
1287 1221 1456 1258 studium
1475 1224 1495 1260 7
1513 1234 1696 1258 annorum

242 1277 281 1313 in
304 1277 489 1324 theologia
510 1281 713 1325 postquam
735 1280 872 1316 rexerit
895 1279 934 1315 in
956 1279 1104 1315 artibus
1120 1292 1206 1316 cum
1223 1280 1524 1327 oppositionibus
1546 1293 1696 1328 respon-

241 1337 409 1374 sionibus
430 1338 667 1375 sermonibus
688 1342 727 1375 et
748 1340 833 1376 aliis
855 1340 1046 1378 exercitiis,
1065 1352 1132 1388 per
1155 1343 1302 1377 statuta
1324 1342 1517 1388 requisitis
1536 1343 1699 1378 sufficiat

240 1396 275 1433 ei
296 1399 377 1432 tam
399 1396 447 1433 ad
464 1397 728 1444 opponendum
745 1410 860 1445 quam
882 1399 931 1434 ad
955 1399 1175 1436 intrandum
1199 1400 1237 1436 in
1254 1412 1361 1436 sacra
1377 1401 1563 1447 theologia
1613 1402 1697 1437 Pre-

240 1458 412 1492 sentatus
429 1459 467 1492 2ο
484 1457 575 1494 Maii
592 1469 660 1504 per
675 1458 865 1495 doctorem
885 1459 1005 1495 Kelke

147 1514 288 1552 Eadem
309 1516 430 1562 gratia
452 1516 670 1552 conceditur
691 1518 820 1554 eodem
845 1519 1025 1565 magistro
1046 1518 1168 1554 Rodes
1185 1522 1224 1555 et
1244 1519 1337 1556 Tho.
1356 1519 1510 1567 Smythv
1545 1520 1696 1556 Presen-

239 1574 311 1610 tati
332 1577 376 1610 10
392 1574 535 1622 Aprilis
551 1587 618 1622 per
633 1575 824 1612 doctorem
843 1576 983 1612 Pearne

146 1633 288 1670 Eadem
311 1635 432 1681 gratia
455 1635 674 1672 conceditur
701 1639 743 1674 17
773 1637 915 1684 Aprilis
942 1638 1123 1684 magistro
1149 1637 1340 1674 Baldwino
1366 1638 1493 1674 Esdall
1545 1639 1695 1676 Presen-

238 1695 343 1730 tatus
359 1693 488 1730 eodem
505 1707 573 1742 per
587 1695 778 1732 doctorem
798 1696 938 1732 Pearne

145 1751 284 1789 Eadem
317 1753 439 1800 gratia
469 1754 687 1791 conceditur
720 1758 758 1790 20
793 1755 884 1791 Maii
923 1757 1103 1802 magistro
1135 1756 1277 1792 Jacobo
1312 1756 1394 1804 Byll
1428 1757 1491 1793 W⁰
1528 1757 1694 1794 Redman

237 1811 403 1848 Johanni
429 1813 586 1850 Hanson
611 1826 688 1852 sen.
754 1815 963 1852 Presentati
989 1819 1011 1851 8
1037 1816 1128 1852 Maii
1153 1828 1220 1864 per
1243 1816 1435 1853 doctorem
1461 1817 1670 1865 Whitgyfte

145 1870 285 1908 Eadem
307 1872 429 1918 gratia
451 1873 668 1910 conceditur
690 1877 728 1909 2⁰
751 1874 843 1909 Maii
867 1874 957 1910 Tho.
983 1874 1126 1911 Crooke
1177 1876 1420 1912 Presentatus
1443 1879 1489 1912 22
1514 1877 1604 1913 Maii
1627 1890 1694 1925 per

236 1930 425 1967 doctorem
450 1931 663 1968 Chaderton

607 2140 724 2183 Ordo
755 2141 1021 2184 senioritatis
1051 2143 1225 2199 wlaryin

376 2250 512 2298 Smyth
798 2253 922 2290 Rodes
1255 2256 1399 2291 Crooke

375 2309 460 2357 Byll
798 2312 984 2349 Kirkland
1256 2314 1438 2350 Handson

374 2368 502 2405 Esdall
798 2371 967 2407 Redman

492 2595 655 2639 Gratiae
687 2612 773 2639 non
803 2604 1114 2641 concernentes
1146 2599 1326 2642 formam

137 2711 363 2750 Conceditur
391 2716 433 2751 17
464 2714 637 2752 Octobris
665 2718 845 2764 magistro
873 2720 1016 2756 Thome
1046 2720 1165 2756 Leach
1194 2721 1233 2756 in
1262 2721 1408 2757 artibus
1438 2722 1617 2768 magistro
1644 2725 1686 2758 vt

230 2773 281 2808 sit
312 2785 409 2809 vnus
440 2786 498 2811 ex‘
520 2778 564 2811 12
597 2777 892 2823 predicatoribus
925 2779 994 2814 hoc
1027 2780 1190 2826 presenti
1224 2792 1324 2815 anno
1357 2792 1423 2827 per
1454 2774 1684 2817 academiam

229 2832 448 2869 emittendis
471 2835 525 2870 sic
551 2839 592 2872 vt
616 2849 729 2883 super
753 2837 823 2873 hac
847 2839 1085 2875 concessione
1106 2844 1229 2875 vestra
1254 2840 1382 2876 literas
1406 2840 1544 2876 habeat
1566 2841 1684 2887 obsig-

230 2894 339 2927 natas
363 2893 484 2939 sigillo
509 2899 634 2931 vestro
657 2898 848 2933 communi
