2008 3294
147 170 370 228 1577-78]
732 181 884 215 (mon
914 178 1053 214 Boon·
1069 181 1125 212 A,
1610 169 1696 212 309
1719 197 1722 201 ›

145 284 378 322 Williamson
422 286 508 324 Chr.
658 286 858 334 Atkynson
938 286 962 322 J
965 298 996 322 o.
1174 284 1312 321 Welles

145 343 320 391 Pikering
424 345 501 382 Cla.
659 345 823 382 Holland
938 345 1015 381 Cla.
1176 344 1355 391 Bradwey
1420 287 1502 451 }Jo

145 402 193 438 Hi
196 403 304 449 ggins
420 404 444 439 J
446 415 477 440 o.
660 403 860 451 Robynson
939 404 962 440 J
966 416 997 440 0.
1175 402 1415 450 Sheapheard

143 461 329 497 Patenson
421 462 508 500 Chr.
657 462 820 498 Goodale
939 461 1016 498 Cla.
1175 461 1396 497 Beneworth
1459 461 1547 498 Kat.

141 521 294 558 Cullens
421 522 444 558 J
447 534 479 558 o.
657 522 833 569 Whright
844 522 899 569 ju.
939 522 1016 558 Cla.
1174 522 1334 570 Bradley
1456 522 1500 560 G.
1518 522 1548 557 δι
1565 522 1606 559 C.
1709 519 1737 559 f.
1762 519 1839 558 124
1859 534 1883 558 a

142 579 285 627 Maplet
422 582 512 617 Kat.
657 581 832 627 Whright
844 593 898 617 se.
939 581 1015 617 Cla.
1174 581 1292 617 Kirke
1453 581 1497 616 G.
1516 580 1547 616 ἃ
1564 581 1604 616 C.
1708 589 1915 645 [n0fi123]

141 638 259 675 Floud
422 639 507 675 Chr.
658 638 790 674 Tresse
939 639 1016 675 Cla.
1175 639 1272 674 Rust
1454 639 1498 676 G.
1517 638 1547 674 &
1564 638 1605 675 C.

140 696 293 743 Aunger
421 727 474 763 Re
502 727 560 762 ,ne
657 697 848 744 Haywood
937 698 1024 734 Chr.
1175 698 1323 734 Fawcet
1452 698 1476 734 J
1479 710 1511 734 0.

140 755 281 791 Gulson
301 705 316 798 }
476 739 511 773 gl
654 756 678 791 J
681 756 828 804 osselyn
936 757 959 793 J
962 769 991 794 e.
1172 757 1346 794 Adcocke
1453 757 1540 796 Chr.

140 815 302 851 Pecocke
420 816 515 851 Petr.
653 815 731 851 Cox
1173 817 1322 864 Thorpe
1457 817 1596 864 Regiae

140 875 283 922 Lafflyn
422 875 521 911 Pem.
656 819 809 911 Heron}
937 846 1014 882 Pess‘
1172 875 1411 912 Saunderson
1454 876 1498 913 G.
1517 876 1547 912 δι
1563 876 1606 914 Ο.

139 934 321 982 Bryerton
657 934 788 970 Zowch
937 934 1024 972 Chr.
1175 935 1347 971 Bulward
1456 936 1543 971 Kat-

140 993 296 1040 Bayliffe
309 994 322 1029 2
332 943 353 1094 ξ
419 994 439 1029 J
445 1006 476 1029 0.
657 992 790 1028 Clarke
937 993 1024 1029 Chr.
1174 993 1373 1029 Ridlesden
1453 994 1477 1030 J
1479 1006 1511 1032 0.

139 1052 276 1100 Smyth
655 1052 783 1099 Twyst
793 1054 809 1143 ξ
939 1081 1054 1118 Pemb
1172 1052 1308 1088 Hawes
1453 1053 1578 1090 Pemb.

137 1111 293 1158 Dakyns
427 1111 499 1147 Au.
518 1111 592 1148 Tri.
655 1112 759 1148 Dove
1056 1110 1064 1119 ⁸
1171 1111 1279 1146 Sikes
1451 1111 1474 1146 J
1477 1123 1543 1148 eeu

137 1170 359 1216 Bridgeman
418 1170 494 1207 Cla.
654 1171 677 1206 J
679 1183 784 1206 erves
794 1184 810 1271 ἶ)
935 1199 998 1234 Tri
1172 1170 1363 1206 Robinson
1452 1171 1579 1208 Pemb.

135 1229 343 1325 {sarde}
1167 1229 1334 1334 εζςςιτε
1446 1229 1534 1324 32..

137 1347 339 1382 Andrewes
421 1347 519 1382 Pem.
655 1347 808 1382 Yanson
827 1346 865 1394 [J
868 1345 1003 1394 auson]
1020 1346 1095 1382 Tri.
1170 1346 1310 1382 Wilton
1450 1347 1528 1386 Tri.

139 1406 291 1442 Darnell
418 1407 495 1444 Cla.
655 1407 761 1443 Whit
939 1406 1036 1442 Petr.
1172 1406 1299 1442 Panell
1455 1407 1542 1444 Kat.

136 1465 321 1500 Dunckon
418 1465 515 1501 Pem.
650 1465 756 1501 Whit
931 1463 1018 1500 Chr.
1400 1466 1446 1499 85

137 1523 338 1559 Glascocke
417 1524 487 1561 Ka.
651 1524 800 1571 Wright
931 1524 1006 1559 Tri.

600 1799 894 1841 praemicantes
926 1799 971 1842 in
1003 1798 1219 1842 medicina

138 1935 364 1972 Conceditur
382 1939 404 1972 5
428 1935 652 1972 Novembris
673 1937 852 1983 magistro
873 1936 1036 1973 Roberto
1058 1937 1179 1973 Preist
1202 1940 1244 1974 vt
1263 1937 1432 1974 studium
1455 1942 1494 1974 et
1516 1938 1682 1985 practica

230 1998 251 2030 5
268 2007 451 2031 annorum
469 1996 508 2031 in
529 1995 714 2032 medicina
736 1996 896 2032 sufficiat
916 1997 948 2032 ei
971 1996 1018 2032 ad
1041 1997 1325 2043 practicandum
1348 1997 1387 2033 in
1411 1997 1540 2034 eadem
1563 1999 1616 2034 sic
1640 2003 1681 2036 vt

231 2056 336 2102 prius
358 2056 593 2091 examinetur
614 2058 653 2091 et
674 2055 904 2102 approbetur
928 2068 995 2103 per
1016 2056 1187 2092 doctores
1211 2057 1361 2104 Lorkyn
1384 2060 1422 2093 et
1446 2057 1617 2094 Barrowe
1641 2062 1680 2095 et

230 2125 296 2161 per
323 2126 440 2150 vnum
469 2126 596 2151 eorum
621 2118 858 2162 presentetur
882 2115 921 2151 in
946 2115 1056 2162 plena
1080 2116 1367 2163 congregacione
1394 2116 1617 2163 Regentium
1642 2120 1682 2153 et

229 2185 304 2209 non

136 2232 363 2269 Conceditur
379 2236 400 2268 2
419 2233 510 2269 Maii
525 2233 703 2280 magistro
716 2234 812 2270 Hen.
827 2234 984 2282 Wylsha
996 2238 1038 2270 vt
1048 2234 1217 2271 studium
1230 2238 1269 2270 et
1281 2236 1447 2282 practica
1461 2238 1482 2274 7
1495 2249 1682 2273 annorum

231 2292 270 2327 in
294 2292 478 2328 medicina
499 2296 699 2340 postquam
720 2294 857 2329 rexerit
877 2294 915 2330 in
939 2294 1085 2330 artibus
1102 2295 1264 2331 sufficiat
1281 2295 1313 2331 ei
1331 2295 1379 2331 ad
1397 2296 1680 2342 practicandum

230 2352 270 2386 in
287 2351 415 2387 eadem
433 2352 611 2388 facultate
627 2352 680 2388 sic
698 2358 739 2388 vt
761 2353 841 2388 eius
864 2353 1025 2389 eruditio
1048 2357 1087 2389 et
1109 2354 1275 2399 cognicio
1298 2354 1403 2401 prius
1420 2355 1682 2392 examinentur

229 2412 269 2445 et
292 2409 547 2457 approbentur
569 2422 637 2458 per
655 2410 824 2447 doctores
848 2411 1016 2448 Hatcher
1037 2416 1076 2448 et
1099 2412 1235 2449 Warde
1259 2418 1298 2448 et
1323 2425 1389 2460 per
1411 2425 1528 2450 vnum
1551 2426 1679 2451 eorum

231 2471 467 2515 presentetur
492 2469 531 2504 in
557 2470 666 2516 plena
692 2471 978 2516 congregacione
1007 2472 1231 2518 Regentium
1257 2476 1296 2508 et
1320 2485 1434 2519 super
1460 2473 1528 2509 hac
1554 2478 1679 2510 vestra

228 2527 440 2573 cognicione
457 2527 584 2563 literas
600 2528 737 2564 habeat
754 2529 936 2575 sigillatas
953 2530 1074 2575 sigillo
1091 2533 1215 2566 vestro
1232 2531 1422 2567 communi

135 2585 275 2622 Eadem
291 2586 412 2632 gratia
428 2586 643 2622 conceditur
661 2589 704 2622 18
721 2586 746 2623 J
749 2588 827 2623 unii
845 2588 1023 2634 magistro
1039 2588 1062 2623 J
1065 2600 1096 2624 o.
1117 2588 1275 2636 Bradley
1288 2592 1326 2624 et
1344 2592 1382 2626 7⁰
1397 2590 1486 2626 Maii
1501 2592 1679 2637 magistro

231 2645 321 2681 Tho.
341 2645 520 2682 Turswell
536 2658 621 2682 cum
638 2646 764 2683 studio
782 2651 832 2682 4⁰³
847 2659 1032 2683 annorum
1098 2648 1208 2685 Mem.
1228 2648 1327 2695 quod
1346 2650 1515 2695 magistri
1534 2650 1678 2687 Wilsha

231 2709 269 2739 et
288 2704 446 2751 Bradley
463 2706 667 2751 presentati
684 2706 838 2742 fuerunt
855 2718 921 2752 per
937 2706 1126 2742 doctorem
1144 2706 1281 2742 Warde

137 2762 362 2798 Conceditur
383 2765 428 2797 25
451 2761 620 2798 Januarii
641 2763 827 2799 Willelmo
850 2763 962 2810 Caley
986 2763 1062 2799 iam
1083 2763 1297 2799 examinato
1318 2766 1358 2799 et
1380 2765 1587 2811 approbato
1614 2777 1680 2814 per

230 2821 400 2857 doctores
427 2821 562 2858 Warde
589 2825 628 2858 et
658 2822 805 2859 Barrow
834 2826 876 2859 vt
904 2823 1074 2859 studium
1102 2826 1142 2858 et
1170 2823 1335 2869 practica
1369 2825 1388 2861 7
1423 2836 1605 2862 annorum
1640 2828 1679 2863 in

230 2880 414 2915 medicina
446 2880 606 2916 sufficiat
637 2882 671 2917 ei
704 2881 752 2917 ad
785 2881 1068 2928 practicandum
1098 2882 1136 2916 in
1163 2881 1292 2917 eadem
1319 2883 1373 2918 sic
1399 2886 1442 2919 vt
1467 2896 1535 2930 per
1562 2896 1679 2923 vnum
