2008 3216
340 156 425 197 168
921 166 1074 198 GRAOE
1104 166 1228 198 BooK
1259 166 1290 197 Δ
1665 155 1887 211 [1562-63

178 422 206 464 f.
230 422 318 463 718
843 429 1055 472 Doctores
1085 429 1132 472 in
1163 429 1384 485 theologia

339 563 567 600 Conceditur
588 564 671 611 xj¹¹¹⁰
687 563 906 600 Decembris
922 565 1103 611 magistro
1123 565 1254 600 Franc.
1274 564 1433 600 Newton
1451 564 1740 611 procancellario
1756 566 1799 600 vt
1815 576 1890 600 vna

433 623 643 670 disputatio
671 624 711 659 in
740 635 847 661 sacra
874 624 1062 671 theologia
1087 627 1126 660 et
1153 636 1227 660 vna
1254 615 1520 660 determinatio
1548 623 1773 672 perficienda
1801 627 1890 660 ante

435 685 589 720 comitia
615 685 785 731 proxima
813 684 884 720 sub
913 696 1010 731 pena
1038 684 1105 720 xls
1133 684 1306 731 ponenda
1335 685 1375 720 in
1402 684 1578 721 manibus
1606 687 1890 732 procuratorum

435 747 524 779 ante
541 744 621 780 eius
637 744 904 780 admissionem
921 755 1008 780 cum
1025 744 1149 780 tribus
1169 743 1404 780 sermonibus
1421 756 1495 780 vno
1511 743 1559 780 ad
1575 744 1756 791 populum
1772 744 1890 780 altero

435 802 483 838 ad
506 803 646 839 clerum
670 805 710 839 et
732 803 845 839 tertio
864 802 912 838 acl
930 814 1078 838 crucem
1097 803 1203 838 Pauli
1220 803 1409 839 sufficiant
1426 803 1460 839 ei
1478 815 1545 850 pro
1562 803 1757 850 completis
1773 802 1891 850 gradu

435 865 474 897 et
490 861 611 897 forma
627 861 844 897 doctoratus
860 861 901 896 in
921 873 1027 897 sacra
1047 861 1235 907 theologia
1251 861 1306 896 ita
1322 864 1366 896 vt
1382 861 1434 897 sit
1449 865 1538 897 actu
1554 861 1685 898 doctor
1699 865 1739 898 et
1755 861 1890 898 admit-

435 925 539 956 tetur
564 920 612 956 ad
638 921 821 967 placitum
847 921 902 956 sic
928 923 1057 957 tamen
1082 924 1125 957 vt
1151 921 1372 956 convivetur
1397 921 1438 956 in
1462 921 1641 968 proximis
1665 921 1828 957 comitiis
1852 925 1892 957 et

435 980 644 1015 satisfaciat
670 979 859 1015 officiariis
887 979 995 1015 iuxta
1019 991 1161 1015 morem
1190 980 1373 1015 vsitatum
1404 979 1594 1016 academie
1648 981 1892 1016 Presentatus

435 1039 565 1075 eodem
582 1051 649 1086 per
664 1039 855 1075 doctorem
871 1039 990 1075 Peme
1004 1039 1164 1086 (peregit
1180 1039 1342 1086 quedam
1353 1042 1392 1075 et
1408 1051 1476 1087 pro
1487 1039 1642 1086 reliquis
1651 1040 1892 1087 dispensatus

435 1107 504 1142 per
519 1096 682 1142 gratiam
699 1098 922 1142 sequentem
939 1096 1074 1142 mary.)

340 1155 568 1191 Conceditur
590 1157 629 1190 2⁰
644 1154 667 1190 J
671 1154 738 1190 ulii
754 1158 797 1190 vt
818 1165 941 1190 sermo
961 1153 1008 1190 ad
1028 1154 1169 1190 clerum
1186 1154 1234 1190 ad
1251 1165 1363 1201 quem
1381 1157 1533 1191 tenetur
1548 1155 1722 1191 dominus
1739 1166 1891 1202 procan—

435 1213 607 1249 cellarius
632 1213 777 1249 ratione
800 1212 938 1260 gradus
959 1213 1018 1248 sui
1040 1213 1205 1259 suscepti
1229 1212 1426 1249 differatur
1449 1213 1488 1250 in
1513 1214 1726 1260 proximum
1749 1225 1892 1250 annum

435 1273 489 1308 sic
513 1276 555 1308 vt
579 1284 666 1308 eum
691 1276 846 1319 peragat
870 1275 960 1308 ante
986 1272 1125 1308 festum
1154 1272 1370 1309 nativitatis
1399 1273 1552 1309 Domini
1579 1274 1791 1321 proximum
1819 1273 1890 1310 sub

435 1343 532 1379 pena
553 1332 590 1368 xl
601 1344 619 1367 s
637 1332 796 1379 (peregit
811 1332 944 1380 mary.)

341 1390 568 1427 Conceditur
599 1390 693 1437 xxij⁰
722 1391 851 1427 Martii
880 1390 1083 1427 reverendo
1112 1390 1151 1426 in
1181 1391 1334 1427 Christo
1363 1391 1463 1438 patri
1493 1394 1532 1428 et
1560 1391 1712 1428 domino
1740 1391 1893 1428 domino

436 1448 618 1496 Gylberto
632 1449 792 1496 Barkley
803 1449 977 1496 episcopo
988 1449 1219 1485 Bathonensi
1233 1453 1272 1486 et
1289 1450 1464 1486 Wellensi
1477 1453 1520 1486 vt
1535 1450 1705 1487 studium
1719 1453 1765 1486 24
1778 1461 1892 1486 anno-

435 1519 520 1543 rum
532 1507 571 1543 in
588 1507 774 1554 theologia
791 1510 877 1554 post
893 1507 1051 1554 gradum
1068 1507 1305 1544 bachalaurei
1317 1508 1356 1544 in
1367 1508 1496 1544 eadem
1508 1511 1726 1556 susceptum
1737 1508 1893 1546 Oxoniis

435 1566 598 1602 sufficiat
623 1566 658 1602 ei
684 1566 733 1602 ad
759 1565 1015 1613 incipiendum
1042 1566 1082 1602 in
1109 1566 1240 1602 eadem
1265 1566 1319 1602 sic
1345 1570 1388 1603 vt
1413 1567 1495 1603 eius
1518 1567 1697 1604 admissio
1722 1570 1800 1604 stet
1824 1580 1893 1616 pro

435 1625 632 1673 completis
651 1625 768 1672 gradu
785 1629 824 1662 et
840 1626 961 1662 forma
976 1629 1015 1662 et
1030 1626 1082 1662 sit
1098 1629 1187 1662 actu
1204 1625 1335 1662 doctor
1350 1629 1389 1662 et
1405 1626 1631 1663 admittetur
1645 1626 1694 1663 ad
1710 1626 1893 1674 placitum

435 1687 541 1720 extra
553 1684 839 1720 vniuersitatem
857 1696 924 1731 per
940 1684 1136 1721 dominum
1153 1685 1498 1722 vicecancellarium
1514 1689 1554 1722 et
1569 1685 1686 1722 alium
1702 1686 1892 1723 doctorem

436 1743 621 1790 theologie
637 1745 677 1779 et
687 1743 811 1779 solvat
821 1744 1062 1780 vniuersitati
1073 1743 1133 1791 vj¹¹
1145 1748 1185 1780 et
1201 1744 1411 1781 satisfaciat
1420 1745 1607 1781 officiariis
1621 1745 1749 1792 (solvit
1758 1747 1892 1794 mar-9.)

341 1802 570 1839 Conceditur
599 1802 676 1849 xiiij
709 1802 801 1838 Maii
828 1806 870 1838 vt
898 1802 1108 1850 disputatio
1137 1802 1185 1839 ad
1212 1814 1328 1850 quam
1357 1807 1510 1840 tenetur
1537 1804 1712 1841 dominus
1739 1817 1892 1852 procan-

435 1861 608 1898 cellarius
626 1862 771 1898 ratione
787 1861 926 1908 gradus
942 1862 1001 1897 sui
1019 1862 1140 1909 possit
1156 1873 1223 1909 per
1243 1874 1331 1899 eum
1349 1863 1474 1910 peragi
1496 1863 1534 1899 in
1555 1863 1616 1900 die
1637 1865 1891 1911 proximorum

435 1921 674 1958 comitiorum
698 1922 753 1957 sic
778 1924 820 1957 vt
845 1923 923 1958 stet
945 1933 1012 1968 pro
1037 1921 1158 1957 forma
1177 1933 1247 1957 sua
1269 1922 1448 1968 quoniam
1471 1922 1612 1970 alioqui
1639 1924 1743 1960 nulla
1765 1924 1892 1962 futura

434 1984 494 2017 est
511 1981 550 2017 in
567 1980 731 2017 comitiis
747 1980 956 2028 disputatio
973 1981 1012 2017 in
1030 1980 1217 2027 theologia

340 2040 568 2078 Conceditur
585 2042 605 2077 7
624 2039 647 2076 J
652 2040 717 2076 ulii
735 2042 778 2076 vt
794 2039 1021 2076 reuerendus
1041 2043 1150 2087 pater
1173 2040 1353 2087 magister
1375 2039 1506 2077 doctor
1528 2040 1731 2078 Coverdale
1756 2043 1808 2079 sit
1830 2042 1891 2079 hic

434 2098 535 2147 apud
553 2110 619 2135 vos
636 2098 675 2135 in
692 2098 846 2135 eiisdem
864 2098 982 2145 gradu
992 2098 1122 2135 ordine
1135 2101 1174 2135 et
1183 2099 1403 2135 senioritate
1413 2098 1551 2146 quibus
1563 2099 1637 2136 fuit
1647 2100 1686 2137 in
1700 2101 1892 2138 academia

433 2158 665 2206 Tubingensi
717 2158 963 2195 Presentatus
980 2158 1110 2195 eodem
1128 2170 1195 2206 per
1210 2158 1403 2196 doctorem
1422 2158 1539 2195 Perne

177 2379 204 2418 f.
228 2380 275 2420 71
294 2380 320 2419 b
588 2376 753 2421 Gratim
785 2377 902 2421 varie
934 2377 1101 2421 nullam
1133 2383 1443 2422 concernentes
1474 2377 1657 2421 formam

339 2512 568 2550 Conceditur
592 2514 628 2550 ix
646 2513 872 2551 Novembris
889 2517 932 2552 vt
947 2514 1125 2552 dominus
1142 2514 1467 2551 vicecancellarius
1477 2516 1516 2551 et
1528 2513 1659 2550 doctor
1673 2514 1790 2562 Porye
1803 2525 1890 2550 cum

435 2584 508 2609 vno
529 2572 759 2610 bedellomm
777 2573 925 2622 possint
942 2573 1085 2611 deferre
1108 2574 1237 2611 literas
1260 2580 1405 2610 vestras
1428 2572 1539 2610 modo
1557 2572 1673 2609 lectas
1695 2576 1734 2609 et
1754 2572 1891 2609 habere

432 2643 614 2679 expensas
630 2644 718 2669 suas
733 2632 915 2670 allocatas
932 2644 999 2681 per
1014 2633 1186 2670 doctores
1206 2634 1323 2670 Perne
1340 2636 1379 2669 et
1397 2632 1550 2669 Walker

337 2689 565 2727 Conceditur
581 2690 709 2727 eodem
728 2694 769 2727 vt
786 2692 966 2739 magister
982 2691 1113 2729 doctor
1132 2691 1253 2729 Baker
1269 2692 1389 2740 possit
1407 2703 1532 2739 regere
1549 2693 1588 2728 et
1606 2702 1680 2727 non
1698 2701 1824 2738 regere
1840 2690 1888 2727 ad

430 2747 610 2795 placitum
627 2748 681 2785 nic
700 2752 741 2786 vt
757 2749 880 2786 solvat
896 2749 1135 2787 vniuersitati
1155 2762 1201 2787 xx
1214 2763 1233 2786 s

335 2806 563 2843 Conoeditur
580 2807 678 2844 xxvii
698 2807 925 2845 Novembris
942 2809 1123 2856 magistro
1140 2809 1257 2846 Anth.
1274 2808 1537 2856 Goldyngham
1555 2811 1598 2845 vt
1615 2808 1736 2856 possit
1753 2807 1890 2845 habere

430 2865 557 2902 literas
574 2866 711 2913 grauium
728 2867 786 2903 sui
804 2870 843 2903 et
860 2868 1156 2905 conversationis
1173 2868 1294 2915 sigillo
1307 2872 1431 2905 vestro
1444 2868 1633 2905 communi
1648 2867 1888 2914 consignatas
