2002 3236
205 165 426 224 1543-44]
780 176 934 210 enses
964 173 1089 208 BOOK
1120 175 1150 207 Δ
1696 161 1748 203 11

237 280 240 283 ’
298 281 477 328 quoniam
500 280 851 317 determinationem
874 283 1068 327 expectare
1092 282 1254 325 nequeat
1273 290 1317 314 eo
1339 278 1439 324 quod
1459 277 1584 314 schole
1609 277 1752 312 Couen-

298 340 430 376 triensi
462 351 485 376 a
516 351 593 386 qua
624 339 755 375 abesse
787 351 862 375 non
896 341 1021 386 potest
1048 338 1241 385 preficitur
1271 342 1387 384 atque
1414 340 1458 373 vt
1485 337 1566 372 eius
1591 335 1753 372 eruditio

301 398 530 446 approbetur
557 410 625 445 per
653 398 852 444 magistros
877 397 1006 444 Yonge
1034 400 1073 432 et
1106 396 1381 432 Christoferson
1407 398 1446 431 et
1469 395 1645 431 conviuet
1667 406 1754 430 cum

299 457 656 494 determinatoribus
680 457 849 504 proximo
873 468 972 492 anno

204 516 303 553 Item
319 517 534 553 conceditur
552 515 748 562 Rodolpho
765 515 908 551 Elkock
925 518 967 552 vt
983 514 1178 551 duodecim
1192 514 1344 550 termini
1362 514 1401 549 in
1417 512 1556 560 quibus
1575 512 1754 548 lectiones

298 575 506 612 ordinarias
522 575 671 611 audiuit
687 586 754 621 per
770 575 949 610 maiorem
966 576 1113 621 partem
1138 571 1338 609 cuiuslibet
1362 572 1515 608 termini
1532 583 1618 607 cum
1640 582 1753 618 oppo-

296 635 495 671 sitionibus
516 638 555 670 et
577 633 882 681 responsionibus
905 633 1097 679 requisitis
1117 632 1306 668 sufficiant
1327 631 1361 666 ei
1386 630 1434 666 ad
1452 629 1751 677 respondendum

297 693 484 740 questioni
538 693 623 728 Non
647 692 917 728 determinauit
939 691 1122 727 hactenus
1144 693 1184 726 et
1209 692 1337 725 tamen
1361 688 1548 725 admissus
1573 692 1631 724 est
1655 700 1754 724 anno

298 751 478 799 superiori
700 788 702 791 ,

205 810 302 846 Item
319 810 536 846 conceditur
554 809 717 846 Roberto
736 809 843 845 Rand
861 813 903 845 vt
923 811 966 844 12
984 808 1136 844 termini
1153 807 1329 854 completi
1354 807 1393 842 in
1417 805 1555 853 quibus
1577 806 1755 842 lectiones

297 868 504 904 ordinarias
528 867 677 904 audiuit
702 879 769 914 per
794 867 972 902 maiorem
998 869 1144 912 partem
1172 866 1211 900 in
1237 867 1319 900 toto
1342 876 1430 901 cum
1454 864 1754 911 oppositionibus

296 929 336 962 et
351 925 654 973 responsionibus
671 925 862 972 requisitis
879 924 1069 960 sufficiant
1084 924 1118 959 ei
1136 923 1183 959 ad
1201 922 1502 970 respondendum
1520 923 1708 969 questioni

204 985 344 1022 Eadem
361 985 482 1032 gratia
497 983 715 1020 conceditur
732 983 896 1019 Roberto
914 982 1097 1018 Persevell

204 1045 302 1081 Item
335 1045 551 1080 conceditur
579 1043 808 1079 Christofero
835 1042 993 1078 Hustler
1021 1045 1066 1078 vt
1097 1044 1140 1077 12
1158 1041 1310 1077 termini
1344 1042 1383 1076 in
1410 1040 1549 1088 quibus
1576 1041 1755 1076 lectiones
1774 1041 1800 1080 f,
1823 1041 1846 1080 5
1862 1053 1887 1079 a

297 1102 506 1139 ordinarias
530 1101 679 1138 audiuit
707 1113 774 1148 per
798 1101 977 1137 maiorem
1003 1104 1149 1148 partem
1175 1100 1214 1136 in
1240 1103 1321 1135 toto
1346 1111 1432 1135 cum
1458 1099 1756 1146 oppositionibus

297 1164 337 1198 et
353 1161 659 1209 responsionibus
685 1161 878 1208 requisitis
899 1160 1088 1196 sufficiant
1113 1160 1146 1195 ei
1170 1159 1218 1195 ad
1243 1158 1542 1206 respondendum
1566 1160 1755 1205 questioni

297 1222 353 1258 ita
376 1224 418 1258 vt
441 1221 522 1257 eius
544 1220 706 1256 eruditio
727 1220 964 1256 examinetur
984 1224 1023 1256 et
1045 1218 1276 1267 approbetur
1300 1230 1365 1265 per
1387 1218 1619 1265 oppositores
1643 1218 1756 1254 huius

298 1280 387 1316 anni
404 1283 443 1315 et
461 1282 503 1315 vt
519 1282 597 1315 stet
613 1283 653 1314 et
669 1278 895 1314 determinet
910 1290 984 1313 vna
994 1289 1081 1313 cum
1093 1278 1228 1313 ceteris
1242 1277 1355 1313 huius
1371 1277 1461 1312 anni
1478 1276 1757 1313 bacchalaureis

298 1350 386 1375 nam
412 1338 518 1385 prius
547 1337 634 1384 (etsi
663 1336 826 1372 maxime
851 1335 1043 1383 cupiebat)
1071 1336 1175 1372 nullo
1204 1335 1315 1372 modo
1344 1336 1473 1371 adesse
1506 1336 1632 1382 potuit
1686 1336 1755 1372 hoc

297 1410 446 1446 quoque
474 1397 529 1434 ita
560 1409 600 1432 se
628 1395 765 1432 habere
796 1398 988 1432 testantur
1016 1395 1085 1445 viri
1115 1408 1189 1432 non
1223 1396 1333 1443 pauci
1365 1395 1578 1442 grauissimi
1611 1395 1754 1441 collegii

298 1455 441 1491 Christi

205 1513 303 1550 Item
325 1513 542 1549 conceditur
565 1512 703 1548 Joanni
731 1510 897 1547 Bai-nard
922 1514 962 1546 vt
990 1513 1030 1546 11
1056 1511 1207 1546 termini
1234 1511 1273 1545 in
1296 1509 1435 1556 quibus
1458 1510 1636 1545 lectiones
1658 1510 1754 1546 ordi-

298 1574 422 1609 narias
452 1572 601 1609 audiuit
626 1583 692 1619 per
715 1571 894 1607 maiorem
919 1574 1066 1617 partem
1094 1571 1131 1606 in
1163 1573 1244 1606 toto
1276 1582 1361 1606 cum
1391 1569 1692 1616 oppositionibus
1716 1574 1756 1605 et

297 1630 601 1679 responsionibus
622 1630 815 1677 requisitis
832 1630 1021 1666 sufficiant
1043 1629 1114 1665 sibi
1138 1629 1186 1666 ad
1211 1629 1512 1676 respondendum
1530 1629 1720 1676 questioni

206 1690 346 1727 Eadem
375 1690 497 1737 gratia
524 1689 571 1726 de
599 1688 713 1725 verbo
746 1689 783 1726 in
815 1688 971 1725 verbum
1001 1687 1219 1724 conceditur
1250 1688 1273 1724 J
1277 1688 1389 1724 oanni
1421 1687 1583 1724 Rakster
1613 1688 1755 1734 Rogero

300 1749 419 1785 Kelke
443 1753 483 1785 et
509 1748 701 1785 Leonardo
727 1747 967 1795 Pylkyntono

205 1809 303 1845 Item
327 1808 545 1845 conceditur
570 1808 735 1844 Waltero
760 1807 1023 1843 Bartholomeo
1045 1811 1088 1843 vt
1115 1810 1158 1842 12
1179 1807 1331 1842 termini
1355 1806 1531 1853 complcti
1555 1807 1594 1842 in
1616 1806 1755 1853 quibus

297 1868 476 1904 lectiones
497 1867 703 1904 ordinarias
728 1866 877 1903 audiuit
901 1878 968 1914 per
990 1867 1169 1902 maiorem
1194 1870 1340 1913 partem
1366 1866 1405 1902 in
1426 1869 1508 1902 toto
1533 1877 1619 1902 cum
1643 1877 1755 1913 oppo-

299 1926 500 1963 sitionibus
521 1930 561 1962 et
576 1925 882 1973 responsionibus
903 1925 1097 1972 requisitis
1113 1925 1303 1960 sufficiant
1327 1924 1361 1960 ei
1383 1924 1431 1960 ad
1455 1924 1756 1972 respondendum

298 1986 486 2033 questioni
504 1986 559 2022 ita
574 1988 619 2022 vt
634 1985 861 2021 determinet
878 1997 963 2020 cum
981 1983 1337 2021 determinatoribus
1354 1984 1467 2020 huius
1477 1985 1566 2020 anni
1577 1985 1755 2031 quoniam

297 2049 387 2082 ante
402 2045 472 2081 hoc
492 2049 643 2091 tempus
660 2045 785 2091 inopia
803 2043 1023 2091 prepeditus
1039 2043 1169 2080 adesse
1187 2056 1261 2079 non
1278 2044 1405 2090 potuit
1428 2047 1467 2080 et
1491 2045 1571 2079 eius
1595 2044 1756 2080 eruditio

296 2108 336 2141 et
352 2116 474 2141 mores
488 2104 744 2152 approbentur
759 2115 826 2150 per
842 2104 1041 2150 magistros
1059 2103 1236 2139 Metcalfe
1251 2107 1291 2138 et
1309 2103 1428 2150 Leper

204 2165 303 2200 Item
335 2163 551 2200 conceditur
583 2163 757 2199 Michaeli
795 2163 952 2198 Watson
986 2166 1028 2198 vt
1060 2165 1103 2198 12
1142 2163 1295 2198 termini
1330 2163 1369 2198 in
1405 2163 1545 2210 quibus
1574 2163 1755 2199 lectiones

298 2223 504 2259 ordinarias
520 2222 669 2259 audiuit
686 2233 752 2269 per
768 2222 948 2258 maiorem
966 2226 1112 2269 partem
1136 2221 1336 2258 cuiuslibet
1358 2222 1510 2258 termini
1535 2234 1621 2259 cum
1643 2235 1755 2270 oppo-

298 2281 499 2318 sitionibus
515 2283 554 2317 et
570 2280 878 2328 responsionibus
901 2281 1094 2327 requisitis
1116 2281 1306 2317 sufficiant
1327 2281 1361 2316 ei
1384 2280 1432 2316 ad
1455 2281 1755 2328 respondendum

298 2340 487 2387 questioni
508 2339 619 2375 modo
647 2339 729 2375 eius
753 2339 916 2375 eruditio
941 2342 980 2375 et
1010 2351 1133 2375 mores
1157 2339 1413 2386 approbentur
1437 2351 1503 2386 per
1526 2341 1758 2387 oppositores

299 2399 411 2435 huius
435 2399 523 2434 anni

204 2457 345 2494 Eadem
369 2457 492 2504 gratia
515 2457 563 2493 de
590 2456 703 2493 verbo
734 2457 774 2493 in
799 2456 954 2493 verbum
981 2457 1199 2493 conceditur
1221 2457 1245 2492 J
1248 2457 1360 2493 oanni
1386 2457 1543 2493 Watson

204 2517 303 2553 Item
319 2516 536 2553 conceditur
551 2517 688 2552 Joanni
708 2516 972 2552 Huddelstono
999 2520 1042 2552 vt
1065 2519 1107 2552 12
1125 2517 1278 2552 termini
1302 2529 1388 2552 cum
1411 2528 1455 2552 eo
1480 2517 1519 2552 in
1539 2529 1614 2564 quo
1636 2517 1755 2553 deter-

298 2576 511 2612 minaturus
542 2578 602 2610 est
633 2575 673 2610 in
703 2574 842 2621 quibus
867 2575 1046 2610 lectiones
1072 2574 1280 2611 ordinarias
1307 2575 1456 2611 audiuit
1484 2587 1550 2622 per
1578 2575 1756 2612 maiorem

298 2637 444 2682 partem
477 2635 517 2670 in
549 2637 631 2670 toto
672 2645 759 2669 cum
804 2633 1104 2680 oppositionibus
1143 2638 1182 2670 et
1218 2633 1524 2681 responsionibus
1564 2635 1757 2682 requisitis

297 2693 486 2729 sufficiant
509 2692 542 2728 ei
567 2692 615 2728 ad
640 2691 943 2738 respondendum
968 2692 1157 2738 questioni

205 2752 303 2789 Item
335 2751 552 2788 conceditur
578 2751 759 2787 Silvestro
785 2750 974 2786 Taverner
1003 2754 1045 2786 vt
1076 2753 1118 2786 12
1148 2751 1301 2787 termini
1334 2752 1374 2787 in
1407 2751 1546 2798 quibus
1577 2751 1757 2788 lectiones

298 2811 507 2847 ordinarias
524 2811 673 2846 audiuit
690 2822 755 2856 per
771 2810 950 2845 maiorem
968 2813 1113 2856 partem
1132 2810 1170 2845 in
1189 2814 1271 2845 toto
1296 2822 1383 2846 cum
1403 2810 1702 2858 oppositionibus
1718 2816 1757 2847 et

299 2870 603 2918 responsionibus
636 2870 828 2916 requisitis
861 2870 1048 2906 sufficiant
1081 2870 1115 2905 ei
1148 2869 1196 2905 ad
1229 2870 1392 2906 finaliter
1427 2869 1755 2906 determinandum
