2008 3216
371 155 455 200 170
950 169 1103 202 GRAcE
1132 169 1257 200 BOOK
1289 171 1319 200 Δ
1693 157 1914 215 [1562-63

369 272 598 309 Conceditur
628 272 759 309 eodem
783 275 827 309 vt
851 273 1079 309 reuerendus
1103 273 1143 309 in
1169 273 1322 310 Christo
1346 276 1454 320 pater
1477 276 1517 310 et
1540 274 1716 311 dominus
1739 273 1915 311 dominus

462 331 655 368 Gilbertus
672 332 834 380 Barkley
846 333 1043 380 episcopus
1056 333 1308 370 Bathonensis
1319 336 1359 370 et
1370 333 1567 370 Wellensis
1583 334 1644 370 cui
1661 332 1915 381 superioribus

463 391 596 428 diebus
611 404 786 428 concessa
804 396 864 428 est
883 393 1005 439 gratia
1026 392 1074 428 ad
1097 392 1355 440 incipiendum
1377 393 1417 429 in
1439 405 1546 429 sacra
1568 393 1756 440 theologia
1776 391 1915 428 habeat

464 450 593 487 literas
608 451 746 498 gradus
763 451 822 487 sui
839 451 1079 497 consignatas
1095 451 1218 497 sigillo
1234 454 1360 487 vestro
1376 452 1567 488 communi

210 503 237 543 f.
261 504 312 543 72
325 503 351 541 b
368 508 596 546 Conceditur
611 510 656 557 ij⁰
671 510 695 546 J
697 510 764 546 ulii
787 510 968 557 magistro
990 510 1174 557 inceptori
1196 510 1300 546 Allet
1319 510 1424 557 gravi
1443 510 1574 547 morbo
1595 513 1635 547 et
1657 509 1915 547 imbecillitate

462 569 657 617 prepedito
684 581 760 617 quo
791 570 919 606 minus
950 570 1072 616 possit
1097 569 1227 606 adesse
1252 570 1292 605 in
1321 570 1484 606 comitiis
1512 569 1693 617 proximis
1718 571 1762 606 vt
1787 571 1916 605 teneat

463 628 710 665 nihilominus
738 641 828 665 eum
855 629 1087 665 senioritatis
1114 628 1238 664 locum
1266 628 1315 665 ad
1339 640 1454 675 quem
1477 628 1736 675 designabitur
1759 639 1783 664 a
1806 630 1914 675 petre

464 686 702 722 comitiorum
719 685 781 722 die
797 688 836 722 et
860 686 913 722 sit
934 685 1134 722 actualiter
1150 692 1242 722 tunc
1264 686 1404 722 artium
1427 686 1614 733 professor
1637 686 1691 722 sic
1716 689 1844 722 tamen
1868 689 1911 721 vt

462 746 682 782 convivetur
713 746 753 781 in
785 746 966 793 proximis
998 746 1163 782 comitiis
1190 748 1230 782 et
1258 745 1329 781 sub
1353 745 1518 782 reditum
1543 757 1655 781 suum
1679 747 1913 781 sacramento

465 804 577 840 fidem
602 805 717 841 faciat
740 816 867 841 coram
890 805 1192 842 vicecancellario
1217 809 1256 841 et
1276 804 1582 853 procuratoribus
1603 804 1650 841 de
1671 805 1831 841 veritate
1851 803 1915 840 ab·

464 864 585 900 sentie
609 876 676 900 sue

370 921 598 958 Conceditur
616 921 747 958 eodem
766 924 810 958 vt
826 922 1006 969 magister
1022 922 1142 969 Legge
1158 922 1279 969 possit
1295 922 1469 970 supplere
1486 923 1585 959 vices
1601 922 1773 969 magistri
1791 921 1911 957 Oxen-

463 980 573 1028 bridg
604 982 856 1029 procuratoris
887 981 1056 1018 absentis
1115 982 1223 1018 Idem
1250 982 1404 1029 juratus
1435 985 1494 1018 cst
1525 982 1656 1018 eodem
1689 981 1736 1018 ad
1765 980 1912 1017 fidelem

465 1042 723 1078 executionem

371 1100 599 1137 Conceditur
625 1103 669 1138 17
695 1101 719 1137 J
722 1101 789 1138 ulii
815 1101 1046 1149 dispensatio
1075 1101 1254 1148 magistro
1280 1101 1479 1138 Simondes
1502 1100 1651 1137 absenti
1676 1100 1724 1136 ab
1748 1099 1917 1135 histerna

465 1160 750 1206 congregatione
777 1171 822 1196 ex
850 1163 997 1196 statuto
1021 1161 1089 1198 viz.
1116 1172 1184 1208 pro
1207 1159 1361 1196 domina
1390 1160 1533 1207 Regina
1561 1160 1737 1196 Elionora
1765 1162 1918 1207 propter

464 1230 616 1265 gravem
634 1217 808 1254 morbum
825 1230 901 1265 quo
917 1218 1096 1255 decubuit

371 1277 599 1313 Conceditur
627 1276 677 1324 vij
705 1277 799 1313 Julii
827 1282 870 1313 vt
896 1277 1127 1313 clarissimus
1158 1277 1217 1312 vir
1249 1280 1285 1313 et
1319 1276 1495 1312 dominus
1527 1276 1704 1312 dominus
1731 1274 1917 1312 Robertus

466 1334 615 1382 Dudley
641 1334 761 1381 possit
784 1346 937 1371 munere
963 1335 1103 1370 summi
1133 1334 1324 1371 senescalli
1351 1346 1418 1381 per
1443 1337 1605 1371 mortem
1633 1334 1777 1370 domini
1802 1334 1916 1380 Paget

465 1394 541 1429 iam
564 1397 722 1429 vacante
739 1394 812 1429 frui
836 1396 875 1430 et
895 1393 1033 1430 habere
1050 1394 1268 1441 pensionem
1285 1398 1504 1430 consuetam
1521 1399 1560 1430 et
1576 1406 1689 1441 super
1704 1393 1775 1430 hac
1791 1397 1916 1430 vestra

465 1453 701 1488 concessione
720 1452 857 1489 habeat
874 1453 1003 1489 literas
1019 1456 1165 1489 vestras
1181 1452 1372 1488 communi
1389 1452 1511 1499 sigillo
1528 1452 1743 1500 obsignatas

370 1512 598 1548 Conceditur
621 1512 751 1548 eodem
777 1515 819 1549 vt
842 1512 1019 1548 dominus
1043 1512 1355 1560 procancellarius
1379 1523 1465 1548 cum
1495 1512 1674 1559 magistro
1703 1511 1917 1558 Oxenbridg

463 1571 608 1608 deferat
623 1571 766 1615 ⁸literas
798 1575 943 1608 vestras
974 1572 1023 1608 ad
1051 1572 1247 1608 dominum
1278 1571 1485 1608 Robertum
1514 1571 1685 1619 Dudleye
1712 1575 1752 1607 et
1779 1570 1917 1607 habeat

464 1641 645 1677 expensas
661 1641 750 1666 suas
765 1629 945 1666 allocatas
960 1641 1028 1677 per
1042 1630 1214 1667 doctores
1232 1631 1350 1666 Peme
1367 1630 1486 1677 Porye
1502 1632 1541 1666 et
1559 1629 1711 1677 Harvye

370 1690 482 1726 Mem.
495 1690 595 1737 quod
606 1693 756 1726 mortuo
766 1690 946 1737 vesperiis
958 1690 1196 1726 comitiorum
1209 1689 1352 1726 scilicet
1364 1690 1417 1725 vm
1429 1689 1452 1725 J
1456 1689 1522 1725 ulii
1537 1689 1716 1736 magistro
1728 1688 1916 1725 willelmo

465 1748 667 1784 Brumsted
691 1747 836 1784 bedello
857 1748 905 1784 ad
929 1748 1022 1784 illud
1045 1748 1208 1785 officium
1226 1748 1368 1784 electus
1393 1751 1451 1784 est
1476 1748 1513 1783 ix
1536 1747 1560 1783 J
1564 1747 1631 1783 ulii
1656 1747 1836 1794 magister
1859 1746 1918 1784 Jo.

466 1807 634 1843 Redman
651 1810 690 1843 et
707 1818 774 1854 per
789 1806 979 1843 doctorem
999 1807 1116 1854 Porye
1133 1806 1358 1854 deputatum
1376 1806 1547 1853 magistri
1570 1805 1733 1843 doctoris
1757 1805 1794 1842 N
1795 1809 1916 1842 ewton

463 1865 743 1913 procancellarii
778 1865 924 1912 juratus
956 1868 995 1902 et
1027 1866 1216 1902 admissus
1249 1865 1320 1902 sub
1352 1877 1396 1902 eo
1427 1866 1494 1913 qui
1521 1865 1693 1913 sequitur
1717 1865 1916 1902 verborum

463 1928 593 1960 tenore
641 1923 887 1960 Autboritate
915 1936 992 1971 qua
1017 1924 1211 1972 fungimur
1236 1936 1305 1960 nos
1329 1924 1569 1960 admittimus
1597 1927 1636 1960 te
1662 1924 1702 1960 in
1730 1923 1916 1961 bedellum

462 1982 688 2029 armigerum
717 1982 924 2018 secundum
951 1982 1223 2019 iniunctionem
1254 1994 1320 2030 per
1346 1982 1525 2029 Reginam
1557 1981 1750 2018 Elizabeth
1777 1982 1917 2018 factam

466 2041 511 2077 In
529 2041 680 2077 nomine
697 2042 816 2089 patris
832 2045 871 2078 et
888 2041 954 2077 filii
971 2044 1011 2078 et
1027 2041 1184 2089 spiritus
1200 2041 1321 2077 sancti
1371 2040 1494 2077 Amen

217 2299 241 2338 s.
265 2299 353 2338 73³
882 2292 1044 2336 Doctor
1075 2292 1118 2335 in
1151 2292 1244 2335 iure
1275 2291 1393 2335 civili

370 2406 599 2444 Conceditur
621 2410 641 2446 7
664 2407 686 2443 J
692 2408 757 2444 ulii
783 2408 964 2455 magistro
989 2406 1102 2444 Ithell
1125 2411 1167 2444 vt
1190 2406 1359 2444 studium
1378 2407 1413 2455 vj
1432 2419 1617 2444 annorum
1640 2408 1678 2444 in
1702 2407 1788 2455 jure
1813 2407 1915 2444 civili

465 2470 665 2515 postquam
695 2468 833 2504 rexerit
862 2468 900 2504 in
931 2466 1078 2503 artibus
1107 2478 1192 2503 cum
1223 2466 1523 2514 oppositionibus
1548 2467 1852 2515 responsionibus
1876 2475 1915 2503 et

464 2523 549 2559 aliis
573 2523 760 2559 exercitiis
783 2534 849 2571 per
876 2523 976 2570 regia
1002 2525 1150 2559 statuta
1174 2523 1367 2570 requisitis
1392 2522 1626 2570 perficiendis
1650 2527 1738 2559 ante
1762 2523 1915 2560 comitia

465 2582 635 2629 proxima
651 2581 721 2619 nub
735 2593 831 2629 pena
846 2580 888 2618 1¹¹
905 2580 1161 2629 ponendas-um
1180 2581 1218 2617 in
1237 2580 1412 2618 manibus
1430 2585 1713 2629 procuratorum
1730 2585 1819 2618 ante
1835 2581 1916 2617 eius

465 2637 731 2674 admissionem
765 2637 927 2674 sufficiat
951 2638 983 2673 ei
1010 2637 1057 2674 ad
1084 2637 1338 2685 incipiendum
1364 2638 1402 2674 in
1428 2636 1558 2674 eodem
1585 2638 1664 2674 iure
1689 2637 1743 2674 sic
1769 2641 1811 2674 vt
1834 2637 1916 2674 eius

464 2695 643 2732 ndminnio
659 2698 736 2731 stet
754 2707 821 2743 pro
837 2694 1035 2743 completis
1053 2695 1172 2732 forma
1188 2699 1227 2731 et
1243 2694 1360 2742 gradu
1378 2696 1415 2732 in
1433 2695 1562 2732 eodem
1579 2699 1619 2732 et
1630 2695 1856 2733 admittetur
1867 2695 1915 2732 ad

465 2754 644 2802 placitum
662 2754 741 2790 nive
760 2754 797 2790 in
815 2754 978 2791 termino
993 2754 1073 2790 sive
1089 2757 1195 2791 extra
1218 2755 1422 2791 terminum
1445 2755 1499 2791 sic
1522 2759 1650 2791 tamen
1672 2758 1713 2791 vt
1734 2755 1772 2791 in
1793 2755 1914 2802 proxi-

464 2814 536 2849 min
560 2813 724 2850 comitiis
747 2812 970 2861 respondeat
993 2812 1164 2861 disputet
1189 2817 1228 2850 et
1253 2814 1474 2851 convivetur
1499 2825 1567 2862 pro
1596 2825 1699 2850 more
1727 2813 1916 2850 academie

462 2873 555 2909 alias·
573 2873 639 2909 bec
656 2873 778 2920 gratia
794 2873 847 2909 sit
864 2873 971 2909 irrita
987 2877 1026 2909 et
1044 2873 1147 2910 nulla
1165 2873 1323 2921 (peregit
1340 2874 1469 2910 omnia
1485 2875 1619 2922 marq.)
