2008 3216
78 146 82 149 ’
126 158 349 214 1555-56]
727 169 878 201 GRAcE
910 170 1035 201 BOOK
1067 170 1096 200 Δ
1597 162 1678 202 115

121 271 221 307 Item
249 271 467 308 conceditur
494 272 637 308 doctori
667 273 806 320 Blythe
830 276 874 309 vt
902 273 1041 309 habeat
1069 273 1200 310 literas
1225 273 1410 320 sigillatas
1434 285 1501 310 sue
1525 285 1677 310 conuer-

215 330 376 366 sacionis
399 333 440 366 et
462 330 600 377 gradus
624 331 748 378 sigillo
771 334 897 368 vestro
922 331 1113 368 communi

121 387 263 425 Eadem
279 389 404 435 gracia
420 401 595 426 concessa
611 396 670 426 est
686 391 866 438 magistro
884 391 1208 428 Recordedoctori
1227 392 1266 427 in
1284 391 1471 428 medicina

122 447 218 484 Item
253 447 470 485 conceditur
499 453 540 486 vt
572 451 670 486 ratio
701 451 796 487 ciste
827 451 1039 487 eommunis
1066 455 1106 487 et
1134 451 1295 488 aliarum
1323 452 1504 488 cistarum
1532 451 1672 487 differri

214 508 334 554 possit
358 508 412 544 sic
434 509 535 555 quod
559 510 776 557 perficiatur
799 511 896 547 citra
919 511 1060 548 festum
1085 511 1207 547 sancti
1231 510 1381 548 Andree
1403 511 1485 548 sine
1506 511 1672 548 vlteriori

215 567 398 604 dilacione

120 627 220 663 Item
244 627 462 665 conceditur
489 630 532 665 vt
555 628 616 665 die
637 629 662 665 J
664 630 747 666 ouis
768 630 938 678 proximo
961 631 1028 666 fiat
1050 630 1260 678 disputatio
1282 630 1490 677 theologica
1511 642 1587 667 non
1609 630 1672 666 ob-

212 689 340 724 stante
355 687 457 734 quod
473 687 553 724 dies
569 689 620 726 sit
637 701 712 726 non
729 689 971 738 disputabilis
988 691 1028 726 in
1045 690 1176 727 tabula

119 746 219 782 Item
241 747 459 784 conceditur
474 751 518 784 vt
539 749 731 796 responsio
752 750 961 797 theologica
983 749 1031 786 ad
1048 762 1163 797 quam
1184 754 1337 787 tenetur
1352 750 1531 817 magister
1547 750 1671 787 Chris-

211 805 377 842 toferson
410 807 624 854 prepositus
655 808 799 856 collegii
833 808 1033 845 Trinitatis
1065 809 1213 846 racione
1245 809 1383 856 gradus
1415 809 1474 845 sui
1506 810 1672 856 suscepti

210 867 364 912 propter
386 866 515 912 gravia
537 867 690 913 negocia
711 879 785 914 que
807 867 991 904 hactenus
1012 867 1147 904 habuit
1168 870 1208 904 et
1230 867 1429 905 habiturus
1450 874 1510 904 est
1530 867 1672 904 differri

210 923 358 971 possit
348 935 388 960 1n
405 936 548 961 annum
565 926 779 972 proximum

117 981 217 1018 Item
239 981 456 1019 conceditur
475 986 517 1020 vt
539 987 693 1031 propter
714 985 932 1022 charistiam
956 986 1179 1022 victualium
1202 988 1242 1022 et
1263 985 1427 1032 plurima
1449 988 1672 1032 argumenta

209 1041 337 1078 future
358 1042 476 1089 pestis
498 1042 568 1079 hac
590 1046 713 1080 estate
730 1045 917 1081 terminus
932 1044 1089 1083 dissolui
1106 1046 1226 1093 possit
1242 1045 1353 1081 hodie
1370 1045 1429 1081 vel
1445 1057 1527 1081 cras
1545 1046 1672 1092 (provt

209 1099 362 1136 domino
390 1101 691 1139 vicecancellario
719 1103 843 1140 visum
872 1104 946 1140 erit
971 1107 1011 1140 et
1036 1104 1254 1140 achademie
1281 1104 1434 1150 negocia
1457 1105 1669 1151 pacientur)

209 1171 327 1207 vsque
350 1159 398 1196 ad
423 1161 618 1198 commitia
642 1162 814 1209 proxima
838 1162 896 1198 viz
921 1165 972 1200 6¹¹²
996 1162 1020 1198 J
1023 1162 1090 1198 ulii
1114 1166 1154 1199 et
1178 1162 1458 1210 disputaciones
1482 1163 1670 1199 ordinarie

209 1218 362 1255 interim
384 1219 504 1256 fiende
526 1226 710 1268 tanquam
732 1222 831 1258 facte
852 1225 1078 1258 censeantur
1100 1234 1175 1258 non
1196 1222 1318 1259 solum
1338 1222 1463 1269 quoad
1484 1223 1670 1270 Regentes

208 1277 469 1326 disputaturos
490 1283 531 1316 et
553 1279 841 1318 bacchalaureos
863 1293 1106 1329 responsuros
1129 1281 1194 1318 sed
1217 1281 1335 1318 etiam
1357 1281 1481 1328 quoad
1504 1281 1669 1318 bedellos

210 1336 272 1373 Ita
298 1339 427 1374 tamen
453 1341 498 1374 ut
522 1339 831 1386 congregaciones
857 1339 1106 1376 admissiones
1130 1340 1411 1387 disputaciones
1435 1341 1474 1376 in
1501 1353 1666 1388 quacun-

207 1407 281 1443 que
303 1396 484 1433 facultate
505 1397 842 1435 determinaciones
862 1403 901 1435 et
923 1400 1121 1436 conciones
1137 1400 1185 1436 ad
1202 1400 1342 1437 clerum
1361 1401 1408 1446 (si
1425 1412 1520 1448 opus
1537 1401 1666 1447 fuerit)

207 1457 247 1490 et
263 1455 338 1491 alia
353 1456 530 1492 exercitia
545 1457 698 1504 perinde
715 1458 809 1494 fiant
825 1469 869 1494 ac
885 1458 917 1494 si
935 1458 1120 1494 terminus
1137 1471 1212 1494 non
1225 1459 1494 1496 dissolueretur
1509 1459 1666 1496 arbitrio

207 1516 334 1550 tamen
352 1515 631 1561 procancellarii
648 1520 687 1552 et
704 1517 970 1563 magistrorum
987 1521 1270 1565 procuratorum

114 1571 212 1609 Item
234 1573 452 1610 conceditur
473 1575 653 1622 magistro
676 1575 812 1612 Stokes
828 1576 971 1623 collegii
996 1577 1186 1624 Reginalis
1204 1580 1246 1613 vt
1263 1578 1314 1614 sit
1331 1578 1539 1614 sacellarius
1556 1579 1664 1615 acha-

205 1631 326 1668 demie
344 1633 423 1670 vice
439 1637 478 1670 et
494 1634 574 1670 loco
591 1635 760 1682 magistri
779 1635 873 1672 Dale

112 1691 212 1728 Item
240 1693 458 1730 conceditur
484 1697 526 1730 vt
557 1694 824 1733 determinatio
852 1698 892 1732 et
921 1696 1131 1743 disputatio
1163 1696 1211 1733 ad
1237 1708 1333 1744 quas
1357 1699 1511 1733 tenetur
1534 1697 1664 1734 doctor
1682 1697 1707 1736 f.
1731 1697 1782 1735 45
1795 1697 1821 1735 b

205 1752 363 1788 Watson
380 1752 450 1789 hoc
466 1765 566 1790 anno
582 1754 723 1790 differri
740 1755 862 1802 possit
879 1755 918 1791 in
936 1756 1150 1802 proximum
1167 1768 1311 1793 annum

111 1810 253 1848 Eadem
269 1813 390 1859 gratia
406 1814 624 1850 conceditur
639 1814 783 1851 doctori
801 1815 989 1862 Langdale

110 1870 209 1906 Item
227 1871 443 1908 conceditur
455 1876 498 1908 vt
514 1872 690 1910 dominus
708 1874 1033 1911 vicecancellarius
1049 1875 1221 1912 doctores
1238 1876 1370 1923 Yonge
1385 1879 1425 1913 et
1443 1877 1663 1925 Segeswyke

205 1929 374 1976 magistri
407 1930 619 1978 Perpoynte
647 1935 685 1967 et
714 1935 975 1979 procuratores
1003 1933 1170 1970 habeant
1196 1937 1361 1970 vestram
1390 1935 1663 1972 authoritatem

203 1988 437 2035 concipiendi
461 1993 501 2026 et
524 1989 759 2027 describendi
784 1991 913 2028 literas
938 1992 986 2029 ad
1011 2005 1203 2030 summum
1229 1994 1365 2040 Anglie
1387 1994 1662 2031 Cancellarium

203 2048 421 2096 episcopum
450 2049 639 2086 Eliensem
667 2054 706 2086 et
740 2050 905 2089 Barones
938 2053 1106 2089 Soakarii
1139 2053 1283 2090 domini
1313 2054 1425 2100 Regis
1453 2057 1492 2090 et
1523 2055 1662 2101 Regine

202 2119 270 2154 pro
292 2107 523 2144 relaxacione
545 2112 632 2145 taxe
653 2111 692 2145 et
715 2110 874 2147 subsidii
892 2122 1054 2157 quorum
1077 2111 1331 2148 solucionibus
1352 2112 1493 2160 alioqui
1515 2115 1661 2150 onerari

202 2164 382 2202 deberent
406 2178 482 2203 non
506 2166 630 2203 solum
654 2167 882 2205 scholarium
906 2169 1039 2205 famuli
1062 2169 1127 2206 sed
1149 2172 1189 2206 et
1210 2170 1385 2216 graduati
1407 2174 1446 2207 et
1467 2172 1662 2218 gremiales

201 2224 418 2261 achademie
477 2226 529 2262 Et
557 2230 759 2274 postquam
789 2228 999 2276 conscripto
1027 2232 1119 2264 sunt
1146 2229 1359 2276 sigillentur
1385 2231 1508 2278 sigillo
1535 2237 1662 2269 vestro

201 2285 391 2322 communi
414 2285 524 2322 modo
546 2285 681 2323 horum
704 2287 824 2323 maior
848 2299 936 2334 pars
960 2289 1193 2324 consenserit
1215 2292 1254 2325 et
1276 2301 1402 2326 coram
1425 2290 1532 2326 vobis
1556 2292 1660 2338 prius

200 2343 375 2390 legantur
397 2347 436 2381 et
460 2344 717 2392 approbentur

108 2403 207 2439 Item
228 2403 445 2440 conceditur
464 2406 506 2440 vt
528 2405 707 2451 magister
731 2405 863 2442 Shawe
884 2406 936 2442 sit
958 2418 1056 2443 vnus
1077 2418 1123 2443 ex
1145 2407 1442 2454 predicatoribus
1467 2408 1537 2445 hoc
1558 2421 1659 2446 anno

199 2466 238 2499 et
260 2475 373 2510 super
392 2463 463 2500 hac
480 2466 605 2500 vestra
621 2465 857 2501 concessione
878 2464 1015 2502 habeat
1037 2466 1166 2503 literas
1188 2466 1373 2514 sigillatas
1395 2467 1517 2515 sigillo
1534 2472 1659 2505 vestro

200 2522 391 2558 communi

107 2581 207 2617 Item
227 2581 445 2618 conceditur
465 2581 609 2619 doctori
632 2583 865 2631 Standysshe
883 2587 926 2620 vt
948 2584 1050 2620 illius
1069 2583 1248 2621 admissio
1263 2585 1304 2621 in
1321 2586 1519 2623 medicinis
1534 2587 1659 2624 tribus

199 2640 248 2677 ab
272 2640 362 2677 hinc
386 2641 498 2677 annis
523 2641 654 2678 habita
679 2655 756 2679 una
777 2655 865 2679 cum
887 2644 1061 2680 conviuio
1085 2644 1187 2680 inter
1211 2646 1415 2692 superioris
1443 2647 1533 2684 anni
1558 2660 1656 2685 com-

200 2703 430 2736 mensatores
451 2701 621 2737 confecto
643 2704 720 2738 stet
743 2702 777 2738 ei
802 2714 870 2749 pro
893 2703 1091 2749 completis
1111 2703 1229 2750 gradu
1245 2707 1285 2740 et
1303 2704 1422 2741 forma
1438 2705 1656 2743 doctoratus

198 2759 240 2795 in
267 2759 398 2796 eadem
430 2760 612 2797 facultate
673 2761 734 2797 Ita
762 2762 863 2808 quod
897 2761 1120 2809 respondeat
1154 2766 1242 2799 ante
1272 2763 1415 2800 Pascha
1443 2760 1656 2812 proximum

200 2818 408 2865 (respondit
432 2819 595 2867 margin)

1441 2940 1545 2979 8-2
