2008 3216
0 3025 27 3216 kmeQ*
11 2998 17 3012 -“
6 2980 18 2991 -‘

171 173 391 232 1556-57]
753 182 906 217 emon
936 183 1061 217 Boon
1091 184 1122 216 Δ
1640 171 1721 214 121

791 488 846 531 In
878 487 1100 545 theologia

168 632 215 668 In
247 631 381 680 primis
420 630 638 668 conceditur
671 630 852 677 magistro
888 630 1048 678 Brassey
1080 630 1273 677 preposito
1306 629 1451 676 collegii
1492 628 1641 676 Regalis
1678 630 1722 665 vt

260 690 431 727 studium
459 692 504 726 16
529 702 715 726 annorum
741 690 781 726 in
806 689 994 736 theologia
1021 692 1108 736 post
1136 688 1294 736 gradum
1320 687 1654 725 bacchalaureatus
1680 687 1720 723 in

261 748 391 784 eadem
413 748 594 784 facultate
615 751 833 794 susceptum
856 747 1018 783 sufficiat
1040 747 1073 782 ei
1097 758 1164 794 pro
1185 746 1382 793 completis
1403 745 1522 792 gradu
1540 748 1580 782 et
1601 745 1723 781 forma

260 808 479 844 doctoratus
502 808 542 843 in
564 819 670 844 sacra
691 807 877 854 theologia
926 807 988 843 Sic
1004 806 1105 853 quod
1126 806 1297 854 disputet
1317 806 1356 842 in
1377 806 1581 842 commitiis
1601 805 1721 852 proxi·

261 867 334 903 mis
366 878 410 903 ac
441 866 650 903 satisfaciat
682 865 897 902 achademie
929 868 969 901 et
1001 865 1086 901 aliis
1117 865 1223 901 iuxta
1251 868 1400 902 statuta
1427 868 1467 901 et
1495 863 1722 901 laudabilem

260 926 570 963 consuetudinem
596 926 857 962 vniuersitatis
882 929 922 962 et
948 928 1118 973 preterea
1141 925 1200 961 vel
1227 924 1376 972 publice
1399 925 1640 961 concionetur
1665 923 1722 960 vel

259 986 426 1033 aliquam
447 995 552 1021 sacre
573 984 758 1031 scripture
781 987 928 1031 partem
949 983 1097 1031 publice
1117 983 1340 1031 profiteatur
1359 983 1407 1020 ad
1427 983 1720 1030 assignacionem

260 1047 299 1080 et
316 1043 515 1080 arbitrium
532 1043 675 1079 domini
693 1042 971 1090 procancellarii

167 1103 266 1139 Item
290 1102 507 1139 conceditur
533 1101 712 1148 magistro
742 1101 920 1148 Heskyns
946 1104 988 1136 vt
1014 1100 1184 1136 studium
1211 1102 1234 1136 6
1259 1112 1444 1136 annorum
1470 1100 1510 1136 in
1535 1099 1723 1146 theologia

260 1164 347 1209 post
379 1160 536 1208 gradum
570 1160 903 1196 bacchalaureatus
939 1162 1159 1206 susceptum
1194 1159 1235 1195 in
1271 1158 1402 1195 eadem
1434 1158 1616 1194 facultate
1649 1170 1724 1194 vna

262 1233 348 1257 cum
373 1219 522 1256 duobus
545 1218 780 1255 sermonibus
804 1230 879 1254 vno
903 1218 950 1254 ad
977 1218 1118 1254 clerum
1143 1218 1416 1254 examinatorio
1440 1221 1529 1254 ants
1553 1218 1635 1254 eius
1658 1217 1722 1254 ad·

261 1280 478 1316 missionem
510 1279 628 1315 altero
659 1277 708 1313 ad
741 1289 889 1313 crucem
924 1277 1030 1313 Pauli
1059 1277 1222 1313 sufficiat
1251 1278 1285 1313 ei
1313 1277 1362 1314 ad
1396 1277 1653 1324 incipiendum
1683 1277 1722 1312 in

260 1351 366 1376 sacra
390 1339 576 1386 theologia

167 1400 265 1436 Item
295 1399 513 1436 conceditur
539 1397 662 1435 eidem
688 1401 730 1433 vt
759 1397 879 1444 possit
907 1397 1125 1433 concinnare
1153 1407 1363 1432 sermonem
1393 1408 1505 1432 suum
1533 1396 1721 1432 examina·

260 1460 399 1495 torium
420 1459 519 1495 infra
537 1468 681 1494 annum
701 1455 772 1493 sub
789 1467 886 1503 pena
902 1456 1091 1492 caucionis
1108 1455 1219 1492 realis
1236 1454 1281 1491 v¹¹
1298 1455 1469 1502 ponende
1486 1456 1526 1491 in
1545 1455 1722 1491 manibus

260 1520 546 1565 procuratorum
562 1518 768 1562 antequam
786 1514 1014 1550 admittatur

167 1577 267 1614 Item
292 1576 513 1614 conceditur
538 1576 720 1622 magistro
746 1574 903 1610 Bulloke
928 1578 970 1610 vt
995 1573 1167 1610 studium
1193 1574 1311 1610 trium
1335 1585 1520 1610 annorum
1548 1574 1587 1609 in
1615 1574 1718 1609 theo-

258 1637 355 1684 logia
383 1639 470 1684 post
497 1636 578 1672 eius
607 1635 807 1671 introitum
840 1635 880 1670 in
906 1633 1022 1670 libros
1050 1633 1325 1670 sententiarum
1354 1645 1428 1669 vna
1455 1645 1542 1669 cum
1570 1632 1718 1669 duobus

259 1694 495 1732 sermonibus
510 1705 584 1730 vno
603 1693 652 1730 ad
669 1693 810 1731 clerum
826 1692 1096 1728 examinatorio
1112 1695 1201 1728 ante
1217 1692 1298 1728 eius
1314 1691 1581 1727 admissionem
1598 1691 1717 1727 altero

258 1753 307 1790 ad
323 1764 471 1790 crucem
489 1752 596 1788 Pauli
612 1751 773 1787 sufficiat
790 1751 824 1787 ei
841 1751 889 1787 ad
905 1750 1162 1798 incipiendum
1179 1751 1219 1786 in
1235 1761 1340 1786 sacra
1356 1750 1543 1799 theologia

165 1814 264 1850 Item
290 1812 507 1850 conceditur
531 1811 711 1858 magistro
738 1811 922 1847 Beamont
947 1814 988 1846 vt
1012 1810 1183 1846 studium
1210 1812 1230 1848 7
1255 1821 1440 1846 annorum
1466 1810 1505 1846 in
1530 1810 1715 1856 theologia

259 1876 346 1920 post
367 1871 525 1919 gradum
548 1870 881 1906 bacchalaureatus
905 1871 944 1906 in
969 1869 1098 1906 eadem
1123 1872 1341 1917 susceptum
1363 1881 1437 1906 vna
1459 1881 1545 1905 cum
1567 1868 1715 1905 duobus

259 1930 496 1968 sermonibus
511 1941 585 1966 vno
601 1929 650 1965 ad
666 1928 808 1965 clerum
825 1929 1096 1965 examinatorio
1112 1936 1202 1966 ante
1216 1929 1298 1965 eius
1313 1928 1579 1965 admissionem
1596 1929 1715 1965 altero

258 1991 306 2028 ad
323 2002 471 2028 crucem
489 1989 596 2026 Pauli
612 1989 774 2026 sufficiat
790 1989 825 2025 ei
842 1989 890 2025 ad
907 1989 1163 2037 incipiendum
1180 1989 1220 2025 in
1236 2000 1342 2026 sacra
1357 1989 1544 2036 theologia

801 2254 1072 2313 Incorporati

164 2407 263 2444 Item
279 2405 497 2444 conceditur
511 2405 716 2443 reuerendo
731 2405 884 2447 domino
901 2404 1084 2441 Nicholao
1100 2403 1308 2441 Ormaneto
1324 2406 1368 2440 vt
1383 2403 1435 2439 sit
1453 2402 1514 2439 hic
1529 2402 1630 2450 apud
1647 2415 1715 2439 vos

257 2467 298 2502 in
319 2466 450 2503 eodem
472 2465 591 2513 gradu
612 2468 651 2502 et
673 2477 773 2501 anno
792 2464 931 2512 quibus
946 2464 1070 2501 fuerat
1087 2463 1126 2500 in
1142 2462 1316 2511 partibus
1331 2462 1596 2499 transmarinis
1612 2461 1713 2498 vide-

257 2525 345 2561 licet
360 2525 401 2560 in
417 2523 635 2560 achademia
653 2522 867 2559 Pataviensi

163 2585 263 2622 Item
284 2584 503 2621 conceditur
525 2583 728 2621 venerabili
752 2584 833 2620 viro
854 2582 998 2619 doctori
1022 2582 1111 2619 Oole
1132 2582 1273 2618 decano
1297 2581 1459 2618 Pallensi
1477 2581 1562 2628 (sic)
1587 2583 1630 2616 vt
1653 2581 1713 2616 hic

255 2645 356 2693 apud
372 2657 440 2682 vos
456 2646 495 2682 in
512 2645 652 2682 eisdem
670 2644 788 2692 gradu
804 2643 933 2680 ordine
950 2646 990 2680 et
1005 2655 1105 2679 anno
1121 2642 1260 2690 quibus
1277 2642 1399 2678 fuerat
1417 2641 1573 2678 Oxoniis
