2008 3294
116 179 284 223 1575-7
288 180 332 236 6]
697 189 850 221 oaAcn
881 189 1004 220 BOOK
1036 190 1066 220 Δ
1581 177 1664 220 287

117 295 207 332 0011.
237 295 329 332 Jesu
359 298 403 332 13
468 295 524 332 Ex
557 295 709 341 collegio
738 295 829 330 Jesu
864 293 1027 330 Roberto
1058 295 1192 330 Pechie
1221 294 1408 330 Willelmo
1440 295 1577 342 Smyth
1607 295 1670 331 W⁰

211 354 374 402 Manbye
405 355 466 390 W⁰
495 354 699 390 Barnewell
732 353 839 389 Geor.
870 353 1053 400 Claptone
1086 353 1149 389 W⁰
1177 353 1377 400 Thurgood
1406 354 1498 390 Tho.
1530 354 1670 389 Hitche

210 414 300 450 Tho.
329 415 490 450 Frances
518 413 665 449 Danieli
695 413 815 448 Reeve
843 412 1006 448 Henrico
1034 412 1170 459 Lessey
1196 412 1254 448 Jo.
1282 412 1419 459 Smyth
1449 412 1507 448 J0.
1539 412 1670 448 Dodde

209 473 301 509 Tho.
329 473 467 509 Eldred
1028 466 1034 470 ⁷

115 531 205 568 0011.
236 531 314 568 divi
345 532 423 568 Pet.
454 534 477 568 9
541 531 598 567 Ex
630 530 742 566 domo
770 530 847 566 divi
879 530 979 565 Petri
1010 530 1104 576 Aug.
1138 530 1245 576 Pigot
1273 530 1331 565 Jo.
1362 530 1534 566 Johnson
1564 531 1665 577 Step.

210 590 374 636 Egel-ton
406 590 484 626 Pet.
513 588 683 626 Cutbard
713 588 819 624 Geor.
850 588 1056 634 Messinger
1084 588 1147 623 W⁰
1176 588 1326 635 Lynsell
1355 588 1446 624 Tho,
1476 589 1668 625 Wiseman

211 650 273 686 W⁰
290 649 481 685 Wiseman
507 648 598 684 Tho.
627 648 788 694 Hugyen

116 708 205 744 Coll.
221 708 329 754 Corp.
345 707 487 744 Christi
507 710 551 743 13
600 707 656 742 Ex
673 706 825 752 collegio
839 706 1013 752 Corporis
1026 705 1168 741 Christi
1186 706 1279 744 Tho.
1296 706 1452 742 Plumbe
1467 707 1529 742 W⁰
1542 707 1669 742 Oliver

211 767 374 803 Henrico
396 767 492 802 Gold
516 766 653 802 Briano
677 766 800 801 Exton
826 765 1007 800 Nicholao
1031 765 1176 800 Faunte
1203 765 1262 800 W⁰
1282 766 1445 812 Norgate
1467 767 1525 802 Jo.
1548 767 1668 802 Green

211 827 274 862 W⁰
302 826 425 862 Reade
453 826 549 862 Heu.
579 825 761 871 Goldinge
790 825 936 860 Danieli
965 824 1152 872 Godfraye
1178 825 1270 861 Tho.
1300 826 1548 872 Leverington
1576 826 1667 862 Tho.

212 885 350 922 Corbet
374 885 397 920 J
400 898 430 921 0.
460 885 610 920 Macbet

117 946 202 982 Aul.
232 944 355 981 Pemb.
382 947 405 980 6
466 945 522 980 Ex
549 945 635 980 aula
664 943 807 981 Pembr.
834 944 926 980 Tho.
954 943 1138 980 Wenhain
1163 944 1221 979 ιῘο.
1250 944 1474 980 Alderstone
1499 945 1671 981 Oswoldo

212 1004 353 1052 Speede
371 1004 433 1040 W⁰
451 1003 598 1039 Daniell
616 1003 678 1039 W⁰
695 1003 808 1039 Carre
832 1003 932 1039 Edw.
952 1002 1095 1049 Slynne

117 1064 208 1101 Coll.
221 1064 263 1099 G.
279 1066 318 1099 et
331 1063 370 1099 C.
385 1065 408 1099 9
450 1063 504 1098 Ex
517 1062 598 1098 coll.
614 1063 736 1098 Gunv.
751 1066 790 1098 et
803 1063 843 1099 C.
860 1062 1041 1098 Nicholao
1056 1062 1203 1109 Massey
1217 1062 1238 1096 J
1243 1075 1274 1098 0.
1292 1063 1441 1098 Mai-she
1458 1064 1550 1099 Hen.
1574 1064 1671 1110 Ryse

214 1124 290 1159 Pet.
317 1123 429 1158 Bates
447 1123 509 1158 W⁰
526 1122 677 1169 Cawsey
698 1121 789 1158 Tho,
809 1122 945 1168 'rooley
965 1122 1153 1157 Willehno
1177 1122 1368 1158 Greenhill
1390 1123 1450 1158 W⁰
1467 1124 1670 1170 Garawaye

213 1184 314 1229 Step.
334 1182 523 1219 Beamond

119 1241 208 1277 0011.
246 1241 341 1287 Mag.
377 1243 399 1276 3
464 1241 520 1276 Ex
555 1241 708 1287 collegio
743 1240 829 1276 dive
868 1241 990 1287 Magd.
1027 1240 1212 1276 Willeluio
1247 1242 1340 1277 Bate
1374 1242 1464 1278 Tho.
1502 1243 1670 1290 Maxfyld

213 1301 269 1336 Jo.
298 1301 446 1336 Deacon

119 1361 204 1396 Aul.
234 1361 322 1397 Kat.
349 1363 370 1396 2
436 1360 491 1395 Ex
516 1360 603 1396 aula
630 1360 758 1396 Kater.
787 1359 887 1396 Edw.
916 1359 1065 1395 Holden
1090 1359 1182 1395 Tho.
1211 1360 1330 1406 Legge

119 1420 209 1455 Coll.
236 1419 360 1465 Regal.
384 1422 406 1454 5
465 1419 550 1455 Vna
572 1431 659 1455 cum
682 1419 756 1454 hiis
777 1419 1126 1455 determinaverunt
1149 1431 1194 1454 ex
1217 1419 1370 1465 collegio
1397 1420 1510 1466 Regio
1532 1420 1671 1467 quibus

214 1478 317 1513 nulla
357 1481 416 1513 est
456 1478 576 1524 petita
616 1478 737 1524 gratia
774 1489 894 1524 neque
931 1489 1106 1513 concessa
1137 1477 1185 1513 ab
1218 1478 1409 1514 academia
1442 1479 1498 1515 J0.
1533 1480 1669 1527 Smyth

217 1537 398 1573 Ricardus
424 1537 528 1584 Daye
557 1537 652 1573 Hen.
681 1537 855 1573 Mowtloe
879 1537 938 1573 Jo.
966 1537 1112 1573 Turner
1136 1538 1227 1574 Tho.
1255 1538 1418 1574 Thomas

121 1597 347 1634 Conceditur
369 1600 414 1632 25
439 1596 631 1632 Februarii
654 1608 754 1632 anno
776 1596 918 1632 domini
935 1596 1142 1632 secundum
1160 1598 1483 1644 computacionein
1507 1598 1671 1634 Ecclesie

214 1655 421 1701 Anglicane
441 1656 531 1691 1574
551 1653 709 1689 Ricardo
731 1654 931 1700 Burnelipe
948 1666 992 1689 ex
1009 1654 1162 1700 collegio
1180 1650 1438 1691 Trinitatis'vt
1459 1659 1501 1691 12
1519 1658 1670 1692 termini

215 1713 390 1760 completi
423 1714 462 1748 in
491 1712 630 1760 quibus
663 1713 842 1748 lectiones
874 1713 1083 1749 ordinarias
1115 1713 1263 1750 audivit
1296 1714 1384 1750 licet
1413 1727 1487 1750 non
1516 1717 1670 1751 0111111110

215 1772 421 1809 secundum
444 1772 601 1807 sormam
625 1772 762 1807 statuti
784 1784 870 1808 cun]
889 1772 1192 1819 opposicionibns
1210 1774 1514 1820 responsionibus
1530 1779 1569 1810 et
1586 1776 1669 1811 aliis

216 1832 401 1868 exercitiis
425 1843 491 1877 per
515 1833 662 1866 statuta
684 1831 876 1877 requisitis
900 1832 1089 1867 sufficiant
1111 1832 1144 1867 ei
1168 1831 1215 1867 ad
1238 1833 1537 1879 respondendum
1561 1846 1668 1880 ques-

215 1892 310 1927 tioni
359 1890 479 1927 abfuit
497 1891 535 1926 in
553 1890 614 1926 die
631 1891 797 1926 cinerum
818 1894 909 1928 1574
958 1892 1151 1938 (forisfecit
1170 1893 1247 1928 xiii⁸
1265 1892 1338 1939 iiijd
1355 1896 1487 1940 mar-9.)

122 1950 349 1987 Conceditur
365 1953 387 1985 4
406 1949 497 1985 Maii
514 1949 680 1985 Johanni
705 1949 869 1996 Beching
891 1950 929 1985 in
950 1950 1098 1986 artibus
1123 1950 1390 1987 bacchalaureo
1414 1953 1452 1988 111
1476 1953 1668 1990 academia

217 2009 417 2046 Oxoniensi
435 2012 477 2044 vt
493 2008 544 2044 sit
561 2008 622 2044 1110
638 2008 738 2055 apud
758 2020 824 2044 vos
841 2009 879 2044 in
897 2009 1052 2045 eiisdem
1069 2010 1187 2056 gradu
1204 2010 1334 2046 ordine
1358 2015 1396 2046 et
1413 2023 1513 2046 auno
1530 2012 1668 2058 quibus

215 2069 289 2105 fuit
306 2069 344 2104 in
361 2068 465 2104 dieta
481 2067 672 2103 academia
689 2067 892 2104 Oxoniensi

123 2128 262 2165 Eadem
279 2128 400 2174 gratia
416 2127 634 2163 conceditur
648 2127 778 2163 eodem
795 2128 949 2164 domino
969 2129 1129 2166 Ricardo
1146 2130 1297 2166 Claiton

123 2187 349 2224 Conceditur
365 2190 387 2223 3
405 2187 596 2223 Februarii
615 2191 657 2223 vt
674 2188 844 2233 magistri
862 2189 884 2223 J
888 2201 920 2226 o.
940 2189 1094 2236 Duffyld
1112 2193 1151 2225 et
1168 2190 1225 2227 ι10.
1246 2191 1384 2238 Smyth
1404 2192 1571 2238 Reginal.
1589 2193 1668 2228 sint

215 2249 341 2283 vestra
356 2247 582 2283 auctoritate
598 2247 874 2283 examinatores
886 2251 926 2283 et
938 2249 1085 2295 judices
1097 2251 1435 2296 questionistarum
1452 2252 1564 2287 huius
1577 2254 1667 2288 anni

215 2306 270 2342 sic
285 2308 328 2342 vt
343 2317 467 2342 coram
483 2308 618 2342 senatu
635 2306 815 2342 iuditium
831 2316 871 2342 et
887 2309 1117 2344 sententiam
1134 2321 1241 2345 suam
1260 2310 1307 2346 de
1321 2310 1477 2346 eii-<idem
1492 2311 1615 2347 ferant
1629 2312 1667 2347 in

216 2366 294 2401 vim
311 2365 512 2401 iuramenti
529 2366 587 2401 sui
605 2366 711 2412 prius
729 2367 970 2403 vniuersitati
988 2369 1139 2415 prestiti

122 2423 350 2460 Conceditur
364 2423 492 2459 eodem
507 2427 548 2460 vt
565 2425 816 2470 questioniste
829 2426 974 2472 possint
988 2427 1211 2474 respondere
1223 2429 1412 2474 questioni
1427 2433 1513 2476 post
1527 2431 1666 2466 festum

216 2484 488 2530 purificacionis
507 2484 614 2520 beate
634 2485 752 2520 Marie
770 2497 844 2520 non
862 2485 1038 2522 obstante
1055 2490 1202 2523 statuto
1218 2489 1377 2534 antiquo
