2008 3294
156 2950 180 2988 1.
213 2949 285 2987 138
305 2950 328 2984 l.

338 229 425 272 358
919 239 1070 271 GRAcE
1101 240 1225 271 110οΚ
1255 240 1286 271 Δ
1665 229 1900 286 [1582-83‘

951 751 1280 807 [1582—1583]

338 895 502 938 Gratiae
537 895 628 937 sive
663 894 902 952 peticiones
942 909 1142 938 concesse
1183 895 1228 938 in
1264 895 1396 952 plena
1432 896 1769 954 congregacione
1805 897 1890 940 Re-

453 964 654 1022 gentium
700 971 746 1007 et
791 978 876 1006 non
924 964 1191 1020 Regentium
1238 980 1265 1007 a
1309 965 1419 1007 festo
1465 965 1618 1008 Sancti
1664 965 1891 1009 Michaelis

455 1034 720 1092 Archangeli
760 1049 874 1077 anno
920 1034 1099 1077 Domini
1142 1037 1255 1078 1582
1298 1049 1431 1092 vsque
1477 1035 1592 1078 idem
1635 1036 1797 1079 festum
1839 1051 1891 1078 ex

456 1111 562 1147 tunc
595 1104 791 1162 proxime
826 1118 1013 1161 sequens
1045 1104 1219 1147 doctore
1251 1104 1453 1148 ‚Johanne
1490 1105 1582 1148 Bell
1618 1120 1736 1149 sacre
1769 1106 1891 1149 theo-

457 1175 569 1231 logie
589 1174 826 1231 professore
847 1173 1182 1230 procancellario
1203 1174 1423 1232 magistris
1444 1175 1637 1218 Antonio
1659 1175 1891 1232 Wingfield

456 1251 502 1287 et
543 1243 765 1287 Leonardo
800 1242 1040 1287 Chambers
1076 1244 1431 1301 procuratoribus
1502 1246 1615 1289 Hen.
1652 1245 1809 1302 Smyth
1847 1251 1893 1300 et

457 1314 677 1358 Willelmo
714 1313 908 1371 Norgate
946 1313 1217 1357 taxatoribus
1250 1321 1295 1357 et
1331 1315 1531 1358 Mattheo
1567 1315 1729 1373 Stokys
1761 1315 1894 1372 regis-

456 1384 589 1428 trario

340 1528 568 1565 Conceditur
591 1530 635 1564 12
653 1527 827 1565 Octobris
843 1531 887 1564 vt
906 1527 1082 1564 dominus
1099 1527 1425 1565 vicecancellarius
1446 1528 1618 1565 doctores
1641 1528 1740 1576 Styll
1764 1529 1892 1577 Bynge

437 1589 588 1625 Bai-owe
616 1591 656 1624 et
683 1587 854 1635 magistri
884 1587 1022 1635 Nevyll
1047 1591 1087 1624 et
1116 1587 1318 1635 Hodgeson
1347 1588 1427 1624 siut
1453 1591 1568 1636 caput
1593 1591 1748 1624 senatus
1774 1588 1892 1625 futuri

435 1660 525 1684 anm

341 1708 570 1744 Conceditur
597 1709 620 1744 6
647 1706 792 1754 Aprilis
827 1708 919 1742 1582
948 1706 1006 1743 Jo.
1038 1705 1176 1742 Seman
1211 1706 1352 1753 Regino
1384 1709 1426 1743 vt
1461 1709 1504 1743 12
1534 1707 1686 1743 termini
1718 1707 1891 1755 completi

437 1767 475 1803 in
504 1766 644 1814 quibus
672 1766 851 1802 lectiones
879 1765 1088 1802 ordinarias
1113 1765 1262 1802 audivit
1290 1765 1379 1802 licet
1406 1777 1480 1802 non
1509 1766 1662 1802 omnino
1688 1765 1894 1802 secundum

436 1828 596 1863 formam
619 1826 756 1862 statuti
778 1837 865 1862 cum
888 1824 1193 1873 opposicionibus
1215 1824 1520 1872 responsionibus
1543 1830 1583 1862 et
1603 1825 1687 1862 aliis
1709 1825 1896 1862 exercitiis

436 1898 503 1934 per
533 1889 681 1922 statuta
713 1886 814 1932 regia
846 1884 1040 1932 requisitis
1073 1884 1264 1921 sufficiant
1296 1884 1330 1920 ei
1366 1884 1415 1920 ad
1452 1884 1754 1932 respondendum
1787 1896 1894 1932 ques-

437 1945 531 1981 tioni
591 1944 733 1981 Eadem
765 1944 887 1991 gratia
919 1942 1137 1980 conceditur
1168 1942 1299 1979 eodem
1338 1942 1497 1979 Ricardo
1534 1943 1717 1979 Bateman
1755 1942 1895 1989 Regino

439 2003 500 2039 W⁰
524 2002 785 2040 Branthwaith
807 2002 916 2039 Clare
939 2001 1002 2038 W⁰
1025 2001 1163 2049 Lobley
1188 2001 1276 2037 Kat.
1331 2005 1366 2038 1ο
1382 2001 1405 2037 J
1409 2001 1488 2038 unii
1512 2002 1595 2037 Art.
1622 2001 1795 2038 Denham
1818 2001 1892 2037 Tri.

440 2066 484 2100 12
500 2063 523 2099 J
527 2063 607 2100 unii
625 2063 727 2110 Step.
742 2061 879 2109 Slayne
892 2061 915 2098 J
918 2073 949 2097 o.
966 2060 1068 2097 Edw.
1083 2060 1382 2108 Chamberleyne
1400 2060 1540 2108 Regine
1558 2060 1667 2097 Laur.
1686 2060 1892 2097 Hellenden

440 2123 579 2169 Regino
598 2122 709 2158 Petro
727 2121 826 2168 Lilly
841 2120 934 2157 Jesu
995 2122 1041 2156 26
1059 2118 1233 2156 Octobris
1251 2118 1413 2156 Ricardo
1430 2119 1557 2155 Streat
1576 2118 1701 2156 Pemb.

343 2182 572 2219 Conceditur
600 2184 646 2218 25
670 2181 843 2218 Januarii
906 2180 962 2216 Ex
988 2178 1142 2226 collegio
1171 2179 1245 2215 Tri.
1273 2178 1508 2215 christoforo
1538 2178 1652 2215 Hallo
1678 2182 1721 2215 vt
1751 2181 1794 2215 12
1822 2182 1894 2215 ter-

439 2241 531 2277 mini
549 2240 726 2288 completi
748 2239 786 2275 in
803 2237 943 2287 quibus
960 2238 1139 2274 lectiones
1156 2236 1365 2273 ordinarias
1382 2236 1528 2273 audivit
1547 2236 1635 2273 licet
1651 2248 1725 2273 non
1743 2237 1896 2273 omnino

438 2300 646 2337 secundum
669 2299 828 2336 formem
851 2298 987 2335 statuti
1009 2308 1094 2334 cum
1114 2295 1418 2344 opposicionibus
1435 2295 1740 2343 responsionibus
1756 2301 1795 2332 et
1811 2296 1896 2332 aliis

439 2358 625 2395 exercitiis
649 2368 716 2405 per
739 2359 888 2393 statuta
911 2355 1012 2403 regia
1037 2354 1230 2402 requisitis
1254 2354 1443 2391 sufficiant
1465 2354 1499 2390 01
1523 2353 1570 2390 ad
1594 2353 1892 2401 respondendum

440 2417 627 2465 questioni
691 2415 831 2453 Eadem
853 2414 975 2462 gratia
991 2412 1209 2450 conceditur
1234 2412 1329 2449 Hen.
1349 2411 1538 2449 Tokefield
1561 2412 1584 2449 J
1588 2424 1619 2449 0.
1640 2412 1779 2449 Moiser
1801 2412 1893 2449 Tho.

440 2479 562 2514 (Ji-een
595 2475 687 2513 Tho.
719 2474 854 2511 Bolton
890 2473 1006 2510 Paulo
1039 2473 1231 2509 Thoxuson
1265 2472 1323 2509 J0.
1355 2472 1493 2509 Gleson
1528 2471 1584 2508 W.
1620 2471 1761 2508 Bai-ton
1795 2470 1893 2508 And.

443 2536 622 2572 Newman
657 2533 789 2581 Egidio
822 2532 987 2569 Ancham
1021 2532 1129 2569 Geor.
1165 2530 1255 2567 Pike
1288 2530 1465 2567 Christof.
1502 2529 1644 2577 Morley
1674 2529 1737 2566 W⁰
1766 2529 1896 2565 Bracc-

443 2594 569 2642 bridge
591 2593 724 2630 Gwelt.
751 2592 872 2629 Bake:-
894 2591 985 2628 Tho.
1012 2590 1133 2628 Peuke
1153 2590 1213 2628 J0.
1232 2589 1403 2637 Walwyll
1430 2588 1520 2628 Rob.
1544 2589 1676 2636 Elinge
1699 2588 1897 2636 Radulpho

444 2655 579 2692 Milner
607 2653 697 2691 Rob.
726 2652 907 2690 Naunton
935 2651 1027 2689 Tho.
1053 2650 1227 2687 Banister
1251 2650 1309 2687 J0.
1340 2648 1455 2686 Hnull
1487 2648 1577 2686 Rob.
1604 2647 1770 2686 Walford
1799 2647 1891 2690 Tho.

441 2716 604 2762 Spenoer
620 2714 727 2749 Geor.
748 2710 914 2760 Byngley
929 2712 1035 2748 Geor.
1050 2708 1241 2757 Goodwyn
1264 2708 1371 2746 Geor.
1391 2707 1495 2744 Feild
1516 2708 1592 2744 Pet.
1612 2707 1742 2744 Simon
1760 2706 1892 2743 Frano.

445 2772 564 2821 Bibby
595 2772 652 2809 W.
682 2771 892 2809 Jonkinson
925 2770 1012 2817 Rog.
1043 2768 1170 2806 Oboke
1201 2768 1319 2805 Jonas
1349 2768 1487 2804 Gutter
1518 2766 1575 2804 Jo.
1609 2766 1762 2814 Murgan
1799 2765 1890 2802 Rob.

446 2832 648 2878 110111ιυὶ113
685 2829 774 2868 Rob.
808 2830 948 2867 Prance
980 2828 1034 2865 W.
1065 2828 1238 2865 Tubman
1273 2826 1378 2863 Geor.
1410 2826 1533 2862 Grave
1561 2825 1618 2862 Jo.
1649 2824 1896 2872 Oollumbyne

445 2891 546 2928 Elian
566 2889 727 2927 Wrench
750 2889 808 2926 Jo.
828 2887 971 2925 Amold
996 2887 1087 2924 Tho.
1108 2886 1250 2934 Wyllen
1272 2884 1449 2921 Christof.
1478 2883 1634 2932 Lyndall
1656 2882 1708 2919 W.
1729 2882 1897 2920 Osbornc

442 2950 499 2986 δυ.
532 2948 745 2986 Πειῐηιιιοιιό
778 2947 867 2985 Rob.
896 2946 1057 2984 Aleocko
1083 2945 1174 2982 Tho.
1205 2944 1350 2982 Nortbe
1375 2943 1432 2981 W.
1461 2943 1604 2980 Burton
1634 2942 1724 2979 Rob.
1755 2941 1897 2978 Brooke
