2002 3236
311 158 338 198 8
892 170 1044 202 omos
1074 171 1197 203 Boon
1228 173 1259 204 Δ
1635 164 1856 219 [1542-43

813 403 1021 446 Doctores
1050 403 1097 446 in
1126 403 1220 446 iure
1249 403 1370 446 ciuili

308 526 355 562 In
382 527 514 574 primis
538 526 755 563 conceditur
778 526 952 563 merido
980 526 1131 574 Busbye
1156 530 1198 563 vt
1225 525 1395 562 studium
1426 530 1570 573 septem
1602 535 1786 561 annorum
1815 523 1854 558 in

402 586 483 621 iure
498 585 601 622 ciuili
618 589 704 632 post
719 585 877 632 gradum
895 585 1227 621 bacchalaureatus
1242 585 1282 621 in
1299 585 1430 621 eodem
1452 588 1670 631 susceptum
1693 582 1854 619 sufficiat

401 644 436 679 ei
460 643 508 680 ad
533 643 789 691 incipiendum
812 644 853 680 in
877 643 1008 680 eodem
1033 644 1114 679 iure

309 701 408 737 Item
424 701 642 738 conceditur
658 701 822 737 Henrico
840 701 960 737 Harvi
977 704 1020 736 vt
1036 700 1206 737 studium
1222 706 1386 747 quatuor
1401 712 1584 736 annorum
1598 700 1637 735 in
1655 700 1734 735 iure
1751 697 1854 734 ciuili

401 764 488 807 post
510 760 669 807 gradum
692 760 1025 797 bacchalaureatus
1047 763 1265 807 susceptum
1288 760 1451 796 sufficiat
1469 759 1504 795 ei
1528 759 1575 795 ad
1599 757 1853 805 incipiendum

402 819 442 855 in
465 819 596 856 eodem
620 820 702 856 iure

512 1029 666 1074 Gracie
697 1029 815 1072 varie
845 1034 891 1072 et
920 1028 1087 1071 nullam
1116 1028 1297 1071 formam
1328 1034 1635 1072 concernentes

307 1156 354 1192 In
379 1156 512 1203 primis
531 1155 748 1192 conceditur
770 1160 814 1193 vt
841 1156 1104 1193 bacchalaurei
1122 1156 1216 1192 iuris
1239 1155 1362 1192 ciuilis
1386 1155 1633 1205 imposterum
1656 1165 1729 1189 non
1750 1157 1852 1189 tene-

400 1218 515 1251 antur
531 1218 617 1262 post
633 1226 762 1251 eorum
779 1214 1045 1251 admissionem
1070 1214 1190 1261 legere
1210 1213 1350 1250 librum
1374 1212 1658 1249 institutionum
1682 1212 1720 1247 in
1743 1211 1853 1247 scolis

399 1273 562 1320 publicis
587 1285 674 1310 cum
703 1273 743 1310 id
767 1285 916 1321 semper
941 1273 1023 1309 sine
1048 1273 1175 1320 aliquo
1201 1272 1327 1308 fructu
1355 1271 1512 1307 fecerint
1535 1271 1589 1307 sic
1613 1270 1713 1317 quod
1741 1282 1852 1306 vnus—

399 1333 560 1380 quisque
583 1345 712 1370 eorum
737 1333 860 1369 solvat
885 1333 1123 1369 vniuersitati
1147 1334 1333 1379 quantum
1358 1330 1593 1367 considerata
1620 1329 1851 1376 singulorum

398 1391 579 1427 facultate
595 1390 787 1427 decretum
809 1391 924 1427 fuerit
946 1402 1013 1438 per
1033 1388 1378 1427 vicecancellarium
1400 1390 1439 1424 et
1460 1387 1649 1424 doctorem
1675 1386 1852 1423 cathedre

397 1450 492 1486 iuris
518 1449 640 1486 civilis
665 1453 705 1486 et
733 1449 917 1486 seniorem
943 1452 1224 1497 procuratorem
1254 1447 1319 1494 qui
1346 1458 1415 1494 pro
1439 1450 1608 1494 tempore
1631 1445 1773 1482 fuerint
1797 1445 1852 1481 ita

397 1519 548 1555 quoque
572 1511 616 1543 vt
640 1507 740 1543 vltra
764 1506 844 1554 xiij·
869 1506 943 1553 iiijd
967 1519 991 1543 a
1015 1506 1165 1543 nemine
1188 1505 1359 1552 exigatur

306 1566 404 1603 Item
422 1565 640 1603 conceditur
655 1569 698 1602 vt
713 1577 873 1613 expense
890 1566 989 1602 facte
1005 1577 1104 1602 anno
1128 1564 1310 1612 superiori
1334 1575 1401 1611 per
1424 1563 1615 1600 doctorem
1637 1561 1852 1599 Edmondes

398 1633 491 1663 tunc
507 1625 851 1663 vicecancellarium
874 1625 914 1662 in
931 1625 1094 1672 negociis
1118 1624 1254 1661 vestris
1279 1622 1438 1660 Londini
1458 1622 1608 1659 allocari
1624 1622 1770 1670 possint
1786 1633 1853 1669 per

395 1686 586 1723 doctorem
615 1685 715 1733 Glyn
738 1684 940 1731 magistros
968 1683 1198 1731 Swynborne
1225 1685 1266 1719 et
1298 1682 1500 1730 Atkynson
1530 1681 1673 1729 collegii
1703 1680 1852 1728 Regalis

400 1748 512 1792 provt
535 1744 610 1780 illis
633 1744 758 1780 visum
782 1742 898 1780 fuerit

304 1805 403 1841 Item
424 1803 642 1840 conceditur
658 1806 700 1839 vt
716 1802 895 1849 magister
908 1801 1232 1838 vicecancellarius
1253 1804 1293 1838 et
1311 1800 1442 1838 doctor
1461 1799 1666 1837 Lockwood
1688 1799 1853 1836 habeant

396 1868 558 1901 vestram
584 1862 856 1899 authoritatem
884 1861 1068 1898 allocandi
1097 1873 1279 1909 expensas
1303 1860 1423 1897 factas
1450 1860 1490 1896 in
1519 1860 1598 1907 lege
1625 1858 1784 1896 Londini
1812 1858 1851 1894 in

395 1923 610 1960 defensione
638 1922 903 1969 magistrorum
929 1920 1081 1968 Gylpyn
1110 1924 1150 1957 et
1183 1919 1427 1956 Sawnderson
1454 1919 1598 1955 ratione
1631 1918 1741 1955 officii
1767 1929 1850 1965 pro-

397 1982 581 2020 curatoris
602 1981 783 2018 aduersus
802 1980 1008 2017 Robertum
1025 1979 1146 2017 Wolfe
1169 1983 1210 2016 et
1233 1980 1391 2027 Swayne
1414 1978 1453 2015 in
1477 1989 1590 2015 causa
1612 1989 1679 2025 per
1701 1977 1850 2014 eosdem

394 2039 637 2089 approbanda

302 2101 400 2138 Item
424 2099 641 2137 conceditur
664 2102 706 2135 vt
729 2098 909 2146 magister
932 2097 1059 2135 Oheke
1083 2097 1250 2134 mutuari
1274 2097 1394 2146 possit
1417 2108 1462 2134 ex
1484 2096 1711 2133 bibliotheca
1727 2098 1852 2133 vestra

396 2160 557 2197 Leonem
574 2159 620 2195 de
636 2157 788 2195 aciebus
814 2157 1047 2194 instruendis
1068 2169 1218 2205 grecum
1242 2157 1298 2194 ita
1319 2155 1420 2205 quod
1437 2156 1615 2193 restituat
1636 2154 1851 2192 achademie

395 2219 491 2255 citra
507 2217 671 2255 natalem
690 2216 843 2253 Domini
860 2216 926 2264 qui
947 2217 1020 2253 erit
1038 2217 1076 2253 in
1093 2228 1194 2253 anno
1209 2216 1353 2253 domini
1374 2218 1465 2252 1⁶44
1481 2214 1554 2252 sub
1571 2226 1667 2263 pena
1682 2215 1851 2262 quinque

396 2277 576 2315 librarum
601 2275 792 2312 communi
819 2274 913 2311 ciste
937 2273 1247 2323 applicandamm
1276 2276 1316 2311 et
1340 2272 1427 2310 inde
1451 2272 1518 2310 flat
1546 2271 1723 2320 obligatio
1747 2274 1850 2309 ante-

397 2348 512 2385 quam
538 2335 591 2373 illi
617 2335 712 2373 liber
736 2334 911 2371 tradatur

305 2397 402 2434 Item
427 2395 645 2433 conceditur
664 2397 707 2431 vt
726 2393 857 2431 doctor
879 2393 1083 2431 Lockwood
1109 2393 1279 2441 magistri
1307 2391 1451 2430 Madew
1476 2391 1623 2440 Reyner
1641 2394 1681 2428 et
1701 2390 1853 2428 Hunter

397 2454 476 2492 sint
493 2453 634 2491 iudices
650 2452 809 2500 delegati
828 2452 866 2489 in
884 2464 998 2489 causa
1013 2452 1277 2500 appellationis
1299 2452 1337 2489 in
1360 2463 1436 2499 qua
1455 2451 1592 2488 iterum
1610 2462 1709 2487 nunc
1725 2451 1850 2499 appel-

398 2513 499 2550 latur
510 2512 558 2550 ad
570 2511 828 2550 achademiam
841 2523 914 2559 que
924 2511 1049 2558 agitur
1065 2511 1164 2548 inter
1175 2509 1199 2547 J
1201 2521 1360 2547 oannem
1373 2508 1600 2558 Whytakers
1610 2511 1650 2546 et
1666 2508 1849 2546 'rhomam

399 2572 500 2620 Kety
522 2572 576 2608 sic
601 2574 643 2607 vt
666 2570 697 2607 si
722 2581 852 2607 omnes
876 2570 1057 2607 interesse
1080 2569 1320 2617 nequiuerint
1343 2570 1434 2606 tunc
1450 2570 1528 2605 tres
1550 2566 1794 2605 nihilominus
1811 2568 1849 2604 in

397 2643 511 2669 causa
539 2629 743 2679 procedant
768 2634 808 2666 et
836 2628 1014 2677 quiequid
1043 2628 1163 2665 maior
1186 2639 1273 2677 pars
1298 2628 1430 2665 horum
1455 2627 1623 2664 omnium
1648 2626 1707 2664 vel
1732 2627 1849 2664 trium

395 2689 604 2727 decreuerit
632 2700 699 2737 pro
730 2692 855 2725 vestro
881 2687 1018 2725 iudicio
1051 2686 1236 2725 habeatur
1259 2686 1315 2724 ita
1341 2685 1442 2734 quod
1471 2685 1595 2723 ferant
1621 2686 1849 2723 sententiam

397 2749 494 2786 infra
519 2759 685 2785 mensem

169 2810 195 2851 Ι.
220 2812 241 2849 4
260 2825 284 2849 ι
306 2810 401 2846 item
431 2807 648 2845 conceditur
681 2807 860 2855 magistro
887 2806 994 2844 Weat
1020 2810 1061 2843 vt
1086 2806 1244 2844 variatio
1267 2805 1315 2843 ad
1339 2816 1454 2854 quam
1480 2806 1631 2842 tenetur
1655 2804 1724 2841 hoc
1748 2817 1849 2842 anno

394 2867 532 2905 differri
552 2867 670 2915 pouit
688 2867 725 2903 in
744 2867 955 2915 proximum
972 2877 1115 2904 annum
1132 2866 1186 2903 sic
1202 2865 1302 2914 quod
1322 2865 1389 2902 flat
1404 2865 1500 2902 citra
1513 2864 1676 2902 natalem
1696 2864 1847 2902 Domini
