1976 3276
299 202 384 242 248
894 212 1045 243 GRACE
1076 212 1198 243 BOOK
1231 214 1260 243 Δ
1624 202 1842 258 [1570---71

813 523 976 565 Doctor
1005 523 1051 564 in
1076 524 1175 580 jure
1206 524 1324 566 civili

300 665 529 701 Conceditur
548 669 592 701 18
611 666 702 701 Maii
720 667 900 711 magistro
917 666 1084 702 Johanni
1101 666 1244 702 Gibson
1268 670 1309 703 vt
1331 667 1501 703 studium
1528 668 1578 715 vij
1601 679 1786 703 annorum
1809 668 1847 703 in

389 724 475 770 jure
502 724 603 759 civili
632 728 836 770 postquam
861 725 999 760 rexerit
1024 726 1062 760 in
1087 725 1234 762 artibus
1259 738 1344 762 cum
1371 726 1674 773 oppositionibus
1698 738 1847 773 respon-

393 782 563 818 sionibus
579 785 617 818 et
633 782 718 818 aliis
733 783 922 818 exercitiis
940 795 1006 830 per
1023 786 1174 820 statuta
1190 785 1385 831 requisitis
1405 785 1568 821 sufficiat
1589 785 1623 821 ei
1645 784 1694 821 ad
1718 785 1848 832 incipi-

393 841 533 878 endum
551 841 591 877 in
607 841 738 878 cadem
755 842 936 878 facultate

301 898 412 934 Mem.
430 897 531 944 quod
549 898 649 934 idem
664 898 854 935 admissus
869 899 944 934 fuit
965 902 1003 934 2⁰
1025 898 1048 934 J
1052 899 1120 934 ulii
1138 899 1178 934 in
1200 900 1382 946 vesperiis
1401 901 1640 936 comitiorum
1665 905 1751 948 post
1773 900 1848 936 dis-

394 957 630 1004 putationem
654 961 746 993 tunc
768 970 834 1005 per
856 958 982 1005 ipsum
1007 957 1180 994 habitam
1203 958 1293 1005 quia
1315 962 1429 995 antea
1451 971 1527 995 non
1550 959 1753 1006 respondet
1775 960 1849 995 nisi

393 1017 507 1053 semel
557 1017 664 1053 Idem
681 1020 875 1065 peractum
893 1020 952 1054 est
964 1029 1030 1064 per
1045 1018 1270 1065 magistrum
1285 1019 1410 1066 Lakys
1423 1022 1461 1055 et
1474 1019 1649 1055 similiter
1660 1019 1849 1055 admissus

653 1350 817 1394 Gratiae
849 1365 932 1392 non
966 1355 1276 1393 concernentes
1307 1351 1487 1393 formam

302 1495 530 1533 Conceditur
548 1500 592 1533 13
610 1497 784 1534 Octobris
802 1501 843 1534 vt
858 1498 1036 1534 dominus
1054 1498 1155 1535 Edw.
1175 1499 1309 1535 Comes
1333 1499 1556 1536 Oxoniensis
1577 1499 1638 1535 hic
1660 1498 1761 1546 apud
1782 1510 1848 1534 vos

395 1555 434 1591 in
452 1555 598 1592 artibus
616 1556 794 1603 magister
811 1557 931 1603 possit
948 1568 1074 1604 regere
1090 1561 1130 1593 et
1147 1569 1222 1593 non
1240 1569 1364 1604 regere
1380 1557 1428 1594 ad
1445 1558 1626 1605 placitum

302 1613 532 1650 Conceditur
560 1617 604 1651 10
629 1614 855 1651 Novembris
883 1619 926 1651 vt
955 1616 1133 1662 magister
1160 1615 1372 1653 Willelmus
1403 1617 1571 1653 Redman
1598 1617 1650 1653 sit
1678 1628 1775 1653 vnus
1803 1628 1848 1652 ex

394 1673 591 1710 duodecim
609 1674 907 1722 predicatoribus
924 1675 994 1711 hoc
1010 1687 1110 1711 auno
1127 1687 1195 1723 per
1210 1676 1442 1713 academiam
1454 1676 1673 1714 emittendis
1685 1679 1724 1713 et
1736 1687 1849 1724 super

395 1733 466 1770 hac
490 1737 617 1770 vestra
641 1734 878 1771 concessione
902 1734 1031 1771 literas
1056 1734 1195 1771 habeat
1217 1735 1434 1783 obsignatas
1457 1736 1578 1783 sigillo
1602 1738 1726 1773 vestro
1748 1746 1848 1772 com-

394 1805 500 1830 mum

301 1850 443 1887 Eadem
459 1852 581 1898 gratia
598 1851 816 1889 conceditur
835 1855 878 1889 16
896 1852 1114 1889 Decembris
1133 1852 1296 1890 Roberto
1315 1853 1505 1890 Ramsden
1527 1854 1625 1891 Luce
1642 1854 1791 1902 Gylpyn
1809 1856 1849 1891 et

395 1909 524 1946 Franc.
543 1910 745 1947 Garthside
762 1911 801 1947 in
818 1910 964 1948 artibus
983 1912 1174 1959 magistris
1222 1914 1261 1948 et
1281 1915 1325 1949 19
1341 1913 1513 1949 Januarii
1536 1913 1702 1949 «Iohanni
1725 1913 1847 1950 Cooke

394 1982 498 2006 sacre
522 1970 706 2018 theologie
735 1970 1000 2008 bacchalaumo
1027 1971 1133 2008 Geor.
1166 1971 1290 2008 Slater
1317 1975 1356 2009 et
1388 1973 1498 2009 Petro
1527 1973 1659 2010 Shawe
1689 1972 1848 2010 Ricardo

395 2029 543 2065 Fawcet
554 2033 594 2065 et
606 2029 628 2065 J
633 2029 772 2066 ohanni
792 2029 1002 2067 Knewstub
1019 2031 1057 2066 in
1078 2030 1224 2067 artibus
1242 2031 1431 2079 magistris
1483 2032 1580 2068 Item
1596 2035 1641 2068 24
1655 2032 1847 2069 Februarii

394 2087 588 2124 Osmundo
608 2087 729 2125 David
748 2088 786 2124 in
804 2088 951 2125 artibus
968 2089 1148 2137 magistro
1167 2093 1207 2127 et
1228 2093 1274 2127 30
1297 2091 1426 2127 Martii
1449 2091 1471 2127 J
1475 2091 1614 2127 ohanni
1639 2092 1848 2140 Brownyng

393 2147 432 2183 in
449 2147 597 2184 artibus
614 2149 794 2196 magistro
844 2151 888 2187 27
910 2149 1143 2197 Septembris
1165 2150 1366 2188 Laurentio
1392 2151 1596 2189 Barnewell
1618 2164 1722 2189 sacre
1745 2151 1845 2188 theo-

393 2207 488 2255 logie
505 2207 752 2245 bachalaureo
769 2212 808 2245 et
826 2208 932 2245 Edm.
953 2210 1113 2258 Symeon
1132 2210 1170 2246 in
1188 2210 1336 2247 artibus
1353 2212 1532 2258 magistro

301 2266 453 2303 Decimo
484 2267 708 2304 Novembris
737 2268 793 2305 Jo.
827 2268 994 2305 Cutbard
1024 2270 1176 2316 eligitur
1205 2270 1243 2306 in
1271 2271 1489 2318 oenopolam
1516 2275 1555 2308 et
1582 2273 1625 2308 17
1653 2271 1845 2308 Februarii

391 2326 609 2363 conceditur
620 2333 661 2363 vt
672 2327 824 2364 licentia
837 2327 858 2363 J
862 2328 1023 2365 ohannis
1037 2329 1205 2366 Cutburd
1221 2342 1340 2377 nuper
1350 2342 1526 2367 concessa
1543 2330 1590 2367 ad
1609 2331 1844 2368 vendendum

392 2386 524 2422 vinum
541 2385 726 2433 sigilletur
742 2386 864 2433 sigillo
884 2390 1010 2423 vestro
1027 2388 1219 2424 communi

297 2444 526 2482 Conceditur
555 2446 598 2481 16
628 2443 846 2481 Decembris
876 2447 918 2481 vt
948 2457 1021 2482 vnn.
1050 2446 1237 2493 oppositio
1266 2446 1314 2483 ad
1345 2458 1460 2495 quam
1490 2450 1641 2484 tenetur
1670 2448 1847 2495 magister

394 2503 574 2540 Han-ison
609 2503 754 2540 ratione
785 2503 923 2550 gradus
956 2505 1015 2541 sui
1050 2505 1214 2552 suscepti
1250 2506 1371 2553 possit
1404 2507 1529 2554 peragi
1568 2510 1656 2543 ante
1693 2507 1845 2544 comitia

391 2563 560 2611 proxima
576 2563 647 2599 sub
673 2575 769 2611 penu
796 2563 862 2600 xls
911 2565 1071 2612 (peregit
1096 2566 1230 2613 mrq.)

297 2623 525 2661 Conceditur
550 2626 593 2660 19
613 2623 784 2661 Januarii
806 2635 892 2661 cuni
915 2624 997 2662 dies
1019 2625 1066 2662 ud
1091 2625 1388 2674 philosophicam
1412 2626 1708 2675 disputationem
1731 2627 1843 2675 assig-

391 2684 470 2720 nati
490 2695 563 2720 non
581 2684 775 2721 sufficiunt
793 2683 861 2721 hoc
878 2696 978 2721 nuno
996 2685 1203 2733 incepturis
1218 2690 1259 2722 vt
1276 2685 1355 2722 dies
1370 2685 1528 2723 Veneris
1545 2689 1584 2723 et
1602 2686 1758 2724 Sabothi
1777 2698 1844 2735 pro

390 2743 685 2792 disputabilibus
718 2747 943 2781 censeantur
976 2744 1086 2782 inodo
1115 2745 1161 2782 lic
1190 2745 1471 2793 disputationes
1501 2747 1594 2783 flant
1623 2748 1775 2783 tantum
1804 2746 1843 2783 in

389 2802 490 2839 scola
512 2806 551 2839 et
576 2803 677 2840 liorin
702 2804 892 2841 consuetis
915 2803 1152 2852 presentibus
1171 2805 1291 2842 altero
1316 2808 1597 2852 procuratorum
1625 2810 1691 2842 aut
1715 2817 1843 2843 eorum

391 2861 529 2898 vicario
551 2866 590 2898 et
615 2861 757 2899 bedullo
808 2862 868 2899 lta
890 2865 1016 2900 ennon
1037 2867 1079 2899 vt
1096 2863 1222 2900 nullus
1240 2864 1504 2911 magistrorum
1523 2864 1572 2901 ad
1591 2864 1659 2901 hus
1675 2864 1842 2913 disputa-

390 2920 512 2957 tiones
528 2926 683 2968 cogatur
700 2920 772 2958 nisi
791 2932 858 2968 pro
877 2921 1070 2959 voluntate
1085 2926 1124 2959 et
1141 2921 1299 2960 arbitrio
1315 2923 1394 2960 suis
