2008 3216
128 157 350 216 1552-53]
714 169 867 204 emon
898 170 1021 203 Boon
1053 169 1082 202 Δ
1624 162 1679 202 85

219 275 519 322 oppositionibus
550 275 855 323 responsionibus
890 279 930 312 et
962 276 1046 312 aliis
1078 275 1266 312 exercitiis
1298 286 1366 323 per
1402 275 1503 322 regia
1534 278 1681 312 statuta

219 332 412 380 requisitis
438 332 628 369 sufficiant
651 333 685 369 ei
709 333 758 370 ad
783 333 1085 380 respondendum
1110 333 1301 380 questioni

125 391 224 428 Item
241 391 458 428 conceditur
476 391 597 428 eidem
619 393 801 440 superiori
824 393 884 430 die
906 393 1072 430 admisso
1093 392 1141 429 ad
1164 392 1466 440 respondendum
1488 392 1679 439 questioni

218 453 261 487 vt
298 451 419 498 possit
451 462 532 487 esse
564 454 653 488 actu
680 451 972 489 bacchalaureus
1004 452 1145 488 artium
1179 452 1234 488 sic
1266 451 1367 499 quod
1404 452 1486 488 eius
1517 451 1679 488 eruditio

216 509 452 546 examinetur
481 511 521 546 et
546 510 776 557 approbetur
802 524 869 559 per
895 512 1131 559 oppositores
1159 511 1273 548 huius
1301 511 1391 548 anni
1455 511 1506 547 Et
1534 514 1611 547 stet
1638 511 1676 546 in

215 569 352 606 scholis
377 582 463 606 cum
487 570 572 606 aliis
595 570 872 608 bacchalaureis
898 572 936 608 in
963 571 1250 619 quadragesima
1275 571 1445 619 proxima

123 628 222 665 Item
254 629 471 666 conceditur
498 630 533 666 J.
570 630 756 667 Hollande
784 635 826 667 vt
858 635 1022 679 quatuor
1053 642 1238 667 annorum
1271 630 1441 667 studium
1475 630 1514 666 in
1539 629 1678 676 quibus

214 687 391 724 lectiones
417 688 625 725 ordinarias
657 689 806 726 audiuit
831 702 905 726 vna
929 702 1016 726 cum
1045 689 1346 737 oppositionibus
1371 688 1677 736 responsionibus

213 750 253 782 et
274 747 358 782 aliis
379 747 566 783 exercitiis
589 759 655 794 per
677 750 823 784 statuta
846 749 947 795 regia
969 748 1162 796 requisitis
1184 748 1373 785 sufficiant
1396 748 1430 784 ei
1455 747 1503 783 ad
1526 759 1676 794 respon-

214 804 379 841 dendum
403 805 591 852 questioni

376 958 528 994 Domini
554 958 702 995 Wattes
727 962 766 995 et
791 958 1015 1007 Vxenbryge
1039 962 1128 996 actu
1154 959 1413 996 bacchalaurei

612 1017 678 1054 diu
703 1020 792 1053 ante
816 1017 1172 1055 determinationem

286 1111 298 1134 ¹
308 1110 489 1148 Fizwater
798 1111 987 1148 Hollonde
1340 1113 1499 1149 Pachett

304 1169 477 1217 Woorlye
735 1169 770 1205 d.
799 1169 961 1218 Hartley
978 1170 1018 1216 (J
1020 1171 1069 1216 o.)
1341 1171 1479 1218 Bullyn

305 1227 445 1275 Swyfte
795 1228 957 1277 Hartley
974 1230 1074 1275 (Re.)
1338 1230 1472 1266 Foster

302 1286 495 1334 Sheparde
797 1287 994 1336 Chapman
1338 1288 1521 1336 Abythell

302 1346 441 1384 Baxter
796 1348 932 1385 Curtes
1339 1348 1495 1396 Otwaye

251 1405 287 1442 d.
307 1406 434 1442 Laken
799 1407 933 1454 Kynge
1337 1407 1497 1443 Watson

303 1465 463 1502 Randall
799 1466 1046 1514 Longworthe
1338 1466 1541 1502 Armested

301 1522 472 1559 Johnson
797 1523 892 1559 Bate
1336 1523 1469 1560 Shawe

303 1580 438 1618 Oowell
796 1582 975 1618 Rowland
1337 1582 1539 1631 Phythyon

304 1641 465 1689 Scroope
797 1642 940 1678 Barker
1336 1642 1416 1678 Bell

302 1699 462 1747 Olayton
793 1700 1060 1748 Waddyugton
1334 1700 1565 1749 Dyckynson

300 1758 500 1794 Acworthe
794 1758 1042 1796 Sawnderson
1335 1759 1469 1795 Barret

299 1816 434 1854 Clarke
791 1818 1017 1855 Bradshawe
1334 1818 1490 1855 Calkott

300 1875 446 1923 Spythe
791 1877 935 1925 Malym
1334 1877 1463 1924 Rugge

413 2146 707 2189 Practicantes
738 2146 783 2188 in
816 2145 1032 2188 medicina
1062 2151 1107 2188 et
1137 2145 1358 2203 chirurgia

110 2261 156 2297 In
172 2260 305 2309 primis
320 2261 537 2298 conceditur
554 2261 741 2298 Richardo
764 2261 855 2297 Hall
872 2264 914 2298 vt
936 2261 1106 2298 studium
1128 2264 1168 2297 et
1184 2261 1350 2308 practica
1372 2273 1394 2297 x
1411 2272 1597 2297 annorum
1619 2260 1659 2297 in

202 2320 389 2367 chirurgia
416 2332 491 2357 vna
515 2332 601 2356 cum
625 2320 828 2356 anatomiis
855 2323 895 2356 et
921 2319 1180 2356 curationibus
1208 2331 1276 2367 per
1303 2320 1404 2367 regia
1429 2322 1576 2356 statuta
1604 2331 1658 2356 re-

201 2378 354 2426 quisitis
370 2378 531 2415 sufficiat
547 2379 581 2414 ei
598 2378 646 2415 ad
667 2378 950 2426 practicandum
973 2378 1012 2414 in
1035 2377 1164 2414 eadem
1183 2377 1364 2414 facultate
1380 2378 1434 2413 sic
1455 2377 1556 2424 quod
1578 2378 1659 2413 eius

200 2436 361 2473 eruditio
393 2441 434 2473 et
465 2449 587 2473 mores
620 2438 725 2484 prius
763 2437 1025 2473 examinentur
1056 2441 1096 2473 et
1129 2436 1386 2484 approbentur
1417 2448 1484 2484 per
1514 2438 1658 2483 regium

131 2547 136 2551 ·
200 2497 443 2543 prelectorem
460 2497 650 2533 doctorem
670 2497 806 2544 Blythe

107 2555 205 2591 Item
230 2555 446 2591 conceditur
470 2555 592 2591 eidem
615 2555 797 2602 superiori
821 2555 882 2591 die
906 2555 1071 2591 admisso
1096 2555 1143 2591 ad
1169 2555 1314 2602 praxim
1339 2555 1379 2590 in
1405 2554 1592 2600 chirurgia
1616 2558 1658 2590 vt

198 2613 319 2661 possit
356 2614 471 2650 etiam
505 2615 545 2650 in
578 2614 764 2651 medicina
796 2615 1003 2661 practicare
1035 2620 1081 2650 et.
1106 2614 1220 2650 huius
1253 2618 1376 2650 vestre
1409 2613 1658 2649 concessionis

197 2672 335 2708 habeat
362 2673 492 2709 literas
520 2673 703 2720 sigillatas
731 2673 853 2720 sigillo
880 2677 1004 2710 vestro
1037 2674 1227 2710 communi
1253 2678 1293 2710 et
1320 2673 1402 2709 eius
1430 2673 1657 2709 examinatio

197 2735 237 2768 et
260 2731 482 2779 approbatio
506 2732 600 2768 fiant
625 2733 731 2768 iuxta
754 2733 915 2779 gratiam
940 2733 1170 2780 superiorem

168 2823 179 2844 ¹
204 2823 318 2856 These
340 2834 464 2856 names
488 2834 545 2857 are
568 2824 737 2866 arranged
759 2824 796 2856 in
820 2834 886 2857 one
909 2825 1051 2858 column
1074 2825 1179 2866 along
1203 2824 1263 2857 the
1286 2825 1421 2858 bottom
1445 2824 1482 2856 of
1506 2824 1552 2857 fo.
1576 2825 1619 2856 33
1635 2824 1656 2856 b

103 2878 175 2912 and
200 2879 241 2910 34
259 2888 290 2911 a.
