2046 3224
202 161 421 216 1551-52]
787 168 939 200 ancn
970 168 1094 199 Boon
1126 167 1155 198 Δ
1697 155 1751 197 79

202 275 299 310 Item
322 274 540 310 conceditur
560 273 712 309 domino
735 273 835 319 Glyn
858 276 900 308 vt
924 283 1058 307 novem
1085 271 1237 307 termini
1255 273 1341 318 post
1364 270 1512 306 finalem
1530 270 1611 306 eius
1633 269 1752 305 deter-

296 332 541 368 minationem
564 332 603 368 in
626 331 765 379 quibus
787 330 966 366 lectiones
990 329 1198 366 ordinarias
1219 329 1368 366 audiuit
1389 329 1477 365 licet
1503 340 1578 364 non
1600 328 1754 364 omnino

295 390 500 427 secundum
523 390 683 426 formam
705 389 843 426 statuti
864 401 952 425 cum
975 387 1276 436 oppositionibus
1297 391 1336 424 et
1358 386 1666 435 responsionibus
1688 399 1756 434 per

295 449 395 495 regia
410 451 558 485 statuta
574 447 766 495 requisitis
781 447 971 484 sufficiant
986 447 1021 484 ei
1038 446 1086 484 ad
1103 446 1359 494 incipiendum
1377 446 1415 482 in
1433 445 1582 482 artibus

202 507 288 544 Vna
311 518 398 543 cum
422 506 482 542 his
506 505 648 553 incepit
671 505 848 542 dominus
872 504 1061 541 Threlkell
1086 505 1132 541 de
1157 504 1311 551 collegio
1338 504 1466 551 Regali
1490 516 1653 551 quocum
1679 516 1753 540 non

295 570 378 603 erat
402 566 663 613 dispensatum
690 577 757 612 per
782 565 1042 601 achademiam

204 626 301 662 Item
331 624 548 661 conceditur
575 623 728 660 domino
758 623 915 660 Yeldert
940 626 984 659 vt
1009 626 1032 660 9
1058 622 1211 659 termini
1238 625 1326 669 post
1353 622 1503 659 finalem
1529 622 1611 658 eius
1634 621 1754 658 deter-
1772 621 1799 660 s.
1821 622 1872 660 32
1892 635 1917 659 a

298 684 542 721 minationem
567 683 606 719 in
631 683 772 730 quibus
794 682 973 719 lectiones
997 681 1206 719 ordinarias
1225 681 1374 718 audiuit
1396 681 1485 718 licet
1507 693 1582 718 non
1602 681 1756 717 omnino

296 742 502 780 secundum
520 742 678 778 formam
701 742 838 778 statuti
859 753 946 778 cum
969 740 1269 789 oppositionibus
1291 739 1595 788 responsionibus
1611 744 1651 777 et
1672 740 1757 776 aliis

296 801 483 838 exercitiis
499 801 605 837 iuxta
621 803 767 837 statuta
784 800 885 847 regia
904 799 1099 847 requisitis
1115 799 1306 835 sufficiant
1321 799 1355 835 ei
1377 798 1425 835 ad
1443 798 1699 846 incipiendum
1716 798 1755 834 in

296 860 444 897 artibus

203 920 345 957 Eadem
361 919 483 966 gratia
495 919 541 955 de
554 918 666 955 verbo
678 919 719 955 in
736 917 892 955 verbum
905 917 1124 954 conceditur
1139 917 1303 954 dominis
1315 916 1466 964 Wyllan
1483 921 1523 953 et
1539 916 1756 963 Thompson

205 980 304 1016 Item
330 978 547 1016 conceditur
575 977 741 1014 Hem-ico
774 977 876 1013 Maio
909 981 952 1013 vt
984 988 1118 1013 novem
1150 976 1303 1013 termini
1337 976 1375 1012 in
1408 975 1548 1023 quibus
1580 975 1759 1012 lectiones

298 1038 505 1075 ordinarias
533 1037 682 1074 audiuit
706 1037 794 1074 licet
818 1048 893 1073 non
922 1037 1075 1072 omnino
1101 1035 1309 1072 secundum
1335 1035 1495 1072 formam
1520 1035 1657 1071 statuti
1684 1046 1759 1071 vna

297 1110 384 1135 cum
409 1097 710 1146 oppositionibus
733 1100 772 1134 et
796 1095 1103 1144 responsionibus
1127 1095 1335 1142 ceterisque
1359 1094 1546 1131 exercitiis
1567 1106 1635 1142 per
1658 1094 1758 1141 regia

298 1159 444 1194 statuta
467 1156 659 1204 requisitis
683 1156 874 1192 sufficiant
897 1155 931 1192 ei
956 1155 1004 1192 ad
1029 1154 1285 1202 incipiendum
1311 1154 1350 1190 in
1374 1153 1521 1190 artibus

205 1216 346 1254 Eadem
362 1216 484 1264 gratia
499 1215 546 1252 de
561 1215 676 1252 verbo
692 1216 731 1252 in
749 1215 905 1252 verbum
922 1214 1141 1251 conceditur
1152 1214 1304 1251 domino
1319 1213 1517 1250 Francisco
1536 1213 1757 1261 Babyngton

206 1276 304 1312 Item
329 1274 546 1311 conceditur
568 1273 721 1310 domino
751 1272 911 1320 Smythe
936 1278 979 1308 vt
1007 1275 1030 1309 9
1057 1272 1209 1308 termini
1236 1275 1322 1318 post
1350 1271 1500 1308 finalem
1527 1271 1609 1308 eius
1636 1271 1756 1308 deter-

299 1333 543 1370 minationem
569 1332 608 1368 in
631 1331 771 1379 quibus
792 1331 972 1367 lectiones
993 1330 1201 1367 ordinarias
1223 1329 1372 1366 audiuit
1397 1330 1485 1366 licet
1508 1342 1582 1366 non
1604 1330 1758 1366 omnino

299 1392 504 1430 secundum
538 1392 697 1428 formam
730 1391 868 1428 statuti
901 1402 988 1427 cum
1023 1389 1323 1438 oppositionibus
1355 1389 1660 1436 responsionibus
1696 1389 1756 1426 de-

300 1451 523 1488 clamatione
545 1454 584 1486 et
606 1450 690 1487 aliis
712 1449 898 1486 exercitiis
921 1461 988 1497 per
1006 1449 1108 1496 regia
1130 1451 1277 1485 statuta
1299 1448 1492 1495 requisitis
1514 1448 1703 1484 sufficiant
1724 1449 1757 1484 ei

299 1511 348 1548 ad
365 1510 621 1558 incipiendum
639 1510 677 1546 in
694 1509 842 1546 artibus

207 1570 348 1607 Eadem
364 1570 486 1617 gratia
500 1569 547 1606 de
564 1569 676 1606 verbo
694 1569 732 1605 in
750 1568 907 1606 verbum
923 1568 1142 1604 conceditur
1157 1567 1320 1604 dominis
1338 1567 1495 1614 Dyrkyn
1513 1571 1552 1603 et
1569 1567 1711 1603 Blande

209 1630 308 1666 Item
331 1627 549 1665 conceditur
572 1627 725 1664 domino
752 1626 932 1675 Layfylde
956 1630 999 1663 vt
1023 1629 1046 1663 9
1070 1626 1222 1663 termini
1248 1629 1334 1673 post
1360 1625 1507 1662 finalem
1533 1626 1614 1662 eius
1637 1626 1757 1663 deter-

301 1687 545 1725 minationem
568 1687 607 1723 in
629 1686 769 1733 quibus
790 1685 969 1722 lectiones
993 1685 1202 1722 ordinarias
1223 1684 1374 1720 audiuit
1396 1684 1483 1720 licet
1508 1697 1582 1721 uon
1606 1685 1759 1722 omnino

302 1745 508 1783 secundum
546 1745 706 1781 sormam
738 1745 876 1781 statuti
908 1756 994 1780 cum
1028 1743 1330 1791 oppositionibus
1361 1744 1664 1790 responsionibus
1695 1744 1759 1781 de·

301 1804 524 1841 clamatione
540 1806 579 1839 et
595 1803 680 1839 aliis
695 1802 883 1839 exercitiis
899 1803 1005 1839 iuxta
1021 1805 1169 1838 statuta
1185 1802 1286 1848 regia
1302 1802 1494 1849 requisitis
1513 1802 1703 1839 sufficiant
1724 1804 1758 1840 ei

301 1862 349 1900 ad
366 1861 621 1909 incipiendum
639 1861 678 1897 in
695 1860 842 1897 artibus

209 1923 308 1960 Item
334 1921 551 1958 conceditur
577 1920 731 1957 domino
754 1920 929 1967 Josselyn
954 1923 997 1956 vt
1021 1922 1044 1956 9
1069 1920 1222 1956 termini
1247 1922 1334 1967 post
1358 1919 1508 1956 finalem
1533 1920 1614 1956 eius
1637 1920 1758 1957 deter-

303 1979 548 2019 minationem
573 1980 612 2016 in
634 1979 774 2027 quibus
796 1980 975 2017 lectiones
997 1980 1206 2017 ordinarias
1227 1979 1377 2016 audiuit
1398 1980 1486 2016 licet
1509 1992 1583 2016 non
1606 1981 1759 2016 omnino

303 2039 508 2076 secundum
524 2039 684 2076 formam
701 2040 837 2076 statuti
854 2052 940 2076 cum
964 2038 1264 2087 oppositionibus
1287 2038 1591 2086 responsionibus
1614 2042 1654 2075 et
1675 2039 1760 2075 aliis

302 2098 488 2136 exercitiis
510 2110 576 2146 per
597 2099 699 2146 regia
721 2100 868 2135 statuta
889 2098 1082 2146 requisitis
1105 2098 1294 2135 sufficiant
1315 2097 1349 2134 ei
1374 2097 1422 2134 ad
1445 2097 1699 2145 incipiendum
1720 2098 1759 2134 in

8 2175 19 2207 κ,
302 2156 450 2194 artibus

0 2338 7 2471 ι
225 2361 448 2404 Numerus
469 2361 734 2419 Regentium
757 2361 800 2403 in
824 2360 995 2403 artibus
1017 2359 1148 2402 huius
1169 2359 1273 2401 anni
1296 2359 1421 2400 iuxta
1441 2358 1737 2400 senioritatem

379 2480 584 2527 rculpeper
888 2477 987 2525 Glyn
1288 2477 1342 2512 Mr
1360 2476 1584 2523 Babyngton

398 2538 557 2586 Smythe
820 2537 875 2573 M¹
892 2537 1108 2583 Thompson
1362 2535 1542 2583 Layfylde

322 2597 377 2633 M*
393 2597 581 2634 Threlkell
891 2596 1049 2643 Dyrkyn
1361 2594 1504 2631 Blande

398 2656 547 2704 Wyllan
891 2655 1047 2702 Dakyns
1289 2654 1344 2690 Μ’
1361 2653 1505 2690 Garthe

401 2714 604 2763 Robynson
891 2715 1002 2761 Maye
1360 2713 1597 2760 Watkynson

399 2774 423 2811 J
426 2775 572 2822 osselyn
891 2774 1045 2810 Yeldert

402 2878 414 2900 ¹
439 2878 524 2912 This
538 2879 599 2912 list
614 2879 645 2912 is
660 2879 798 2913 written
814 2879 852 2912 in
868 2888 936 2913 one
951 2878 1023 2912 line
1038 2877 1142 2920 along
1157 2877 1218 2911 the
1234 2877 1367 2911 bottom
1384 2877 1422 2911 of
1436 2877 1460 2910 f.
1477 2877 1518 2910 31
1537 2876 1569 2911 b.
