2008 3294
145 165 364 222 1574-75]
743 179 893 210 omer:
924 179 1046 210 BOOK
1078 179 1106 210 Δ
1609 171 1694 213 283

145 280 370 319 Conceditur
399 286 438 319 3⁰
463 283 487 319 J
492 284 570 319 unii
600 284 780 330 magistro
805 284 971 320 Johanni
1006 284 1087 320 Ball
1121 288 1163 321 vt
1191 285 1363 321 studium
1389 289 1411 320 5
1436 297 1621 322 annorum
1655 286 1692 322 in
1713 285 1738 324 f.
1767 286 1883 324 116a

238 341 423 388 theologia
445 345 532 389 post
548 342 706 389 gradum
725 342 1059 380 bacchalaureatus
1075 343 1115 379 in
1133 342 1264 380 eadem
1281 348 1499 391 susceptum
1516 356 1603 381 cum
1621 357 1694 380 vno

238 411 408 437 sermone
431 401 479 438 ad
501 401 643 438 clerum
665 405 704 439 et
721 414 794 439 vno
816 402 864 439 ad
887 403 1068 451 populum
1085 403 1249 440 sufficiat
1265 403 1299 440 ei
1316 403 1364 440 ad
1381 403 1637 451 incipiendum
1655 404 1692 440 in

239 472 343 496 saera
360 461 547 508 theologia

145 518 370 556 Conceditur
391 522 430 556 3⁰
446 520 553 556 Junii
577 521 757 568 magistro
779 521 945 557 Johanni
970 521 1126 568 Bridges
1149 524 1191 558 vt
1211 521 1382 558 studium
1405 526 1427 558 5
1448 534 1632 559 annorum
1656 523 1695 559 in

238 577 424 625 theologia
447 582 534 626 post
553 579 710 626 gradum
730 579 1063 617 bacchalaureatus
1080 581 1119 616 in
1137 580 1266 617 eadem
1284 584 1501 629 susceptum
1519 593 1605 618 cum
1623 594 1697 618 vna

238 637 474 684 opposicione
496 642 535 674 et
553 650 626 674 vno
649 650 820 675 sermone
838 638 886 675 ad
902 638 1044 676 clerum
1067 639 1229 676 sufficiat
1251 640 1285 676 ei
1308 640 1354 676 ad
1379 640 1636 688 incipiendum
1657 641 1694 676 in

238 696 425 743 theologia

631 839 747 882 Ordo
779 839 934 882 seniori
941 840 1045 883 tatis
1075 854 1211 896 mary.

286 946 341 983 Mr
367 946 415 982 Dr
439 947 583 983 Wilson
752 948 807 984 Mr
833 948 882 984 D*
907 948 986 984 Bell
1195 948 1250 983 ΜΓ
1276 948 1324 983 D‘
1349 948 1578 994 Dorrington

286 1006 342 1042 Mt
366 1007 415 1042 Dr
440 1006 527 1042 Still
751 1007 806 1043 Mr
831 1008 880 1043 D¹'
906 1007 1060 1055 Bridges
1197 1007 1251 1042 ΜΥ
1278 1007 1327 1042 Dr
1353 1007 1500 1043 Norton

500 1188 712 1231 Doctores
744 1188 789 1230 in
823 1188 1045 1245 theologia
1076 1188 1339 1245 incorporati

146 1296 372 1333 Conceditur
390 1300 434 1333 22
452 1298 596 1345 Aprilis
614 1302 655 1333 vt
678 1297 905 1333 reuerendus
928 1298 966 1332 in
990 1297 1142 1333 Christo
1165 1300 1273 1344 pater
1294 1297 1470 1333 dominus
1487 1297 1697 1333 Willelmus

240 1357 436 1405 episcopus
461 1358 695 1405 Asaphensis
719 1358 772 1393 sit
795 1357 857 1393 hic
882 1357 983 1404 apud
1008 1370 1075 1394 vos
1100 1358 1138 1393 in
1168 1357 1325 1394 eiisdem
1353 1357 1472 1404 gradu
1500 1358 1631 1394 ordine
1659 1361 1698 1394 et

239 1427 338 1452 anno
360 1415 499 1463 quibus
521 1416 595 1452 fuit
620 1415 659 1452 in
682 1415 875 1452 academia
899 1415 1103 1452 Oxoniensi
1128 1418 1168 1452 et
1192 1414 1421 1452 admittatur
1444 1415 1492 1452 ad
1515 1416 1696 1463 placitum

239 1478 346 1511 extra
371 1476 658 1512 vniuersitatem
688 1488 755 1523 per
778 1475 975 1512 dominum
1000 1475 1344 1512 vicecancellarium
1372 1479 1440 1512 aut
1467 1476 1584 1512 alium
1612 1476 1696 1513 doc—

239 1536 358 1571 torem
383 1547 449 1582 pcr
473 1535 597 1582 ipsum
622 1535 888 1581 assignandum
916 1535 1007 1571 data
1031 1535 1136 1582 prius
1160 1535 1233 1572 fide
1257 1535 1304 1572 de
1329 1535 1556 1572 auctoritate
1582 1536 1697 1583 Regia

240 1595 279 1629 et
295 1594 452 1630 statutis
469 1596 508 1630 et
524 1594 730 1642 privilegiis
744 1594 1003 1630 vniuersitatis
1021 1598 1148 1631 nostre
1164 1594 1407 1631 observandis
1456 1595 1698 1631 Presentatus

242 1654 280 1687 2⁰
296 1652 319 1688 J
323 1652 388 1688 ulii
407 1653 480 1689 fuit
497 1653 677 1700 magister
693 1653 824 1690 doctor
846 1653 966 1689 Fulke
986 1654 1137 1689 nomine
1154 1654 1409 1700 procuratorio
1425 1654 1517 1690 dicti
1534 1655 1697 1702 episcopi

240 1714 279 1746 et
296 1710 424 1747 iurans
442 1712 479 1747 in
497 1712 663 1748 animam
680 1711 772 1748 dicti
790 1711 953 1758 episcopi
972 1723 1038 1758 per
1053 1711 1244 1748 doctorem
1262 1712 1476 1748 Chaderton

147 1769 373 1805 Conceditur
404 1773 426 1805 4
455 1771 478 1806 J
483 1770 548 1806 ulii
578 1774 621 1806 vt
654 1771 833 1817 magister
864 1770 994 1806 doctor
1027 1769 1267 1816 Bullingham
1295 1773 1335 1806 et
1363 1771 1541 1817 magister
1568 1771 1699 1807 doctor

243 1827 366 1864 Lewes
390 1829 574 1876 theologie
599 1830 825 1876 professores
851 1829 890 1864 in
915 1829 1107 1865 academia
1132 1830 1333 1865 Oxoniensi
1360 1833 1401 1865 vt
1426 1830 1504 1866 sint
1529 1830 1588 1865 his
1613 1831 1697 1876 (sic)

240 1886 339 1933 apud
365 1899 430 1922 vos
457 1887 495 1922 in
520 1887 672 1923 eiisdem
699 1888 816 1934 gradu
841 1888 970 1923 ordine
995 1890 1034 1923 et
1058 1900 1157 1924 anno
1181 1888 1321 1935 quibus
1349 1889 1506 1925 fuerunt
1531 1889 1569 1924 in
1594 1890 1696 1925 dicta

239 1945 429 1982 academia
485 1946 693 1982 Presentati
712 1948 731 1984 ’ἲ
749 1947 772 1982 J
777 1947 844 1982 ulii
861 1959 926 1994 pcr
942 1939 1132 1983 doctorem
1150 1948 1364 1984 Chaderton

340 2142 502 2185 Gratiae
535 2158 619 2184 non
652 2149 962 2186 concernentes
991 2143 1175 2200 gradum
1207 2149 1287 2185 aut
1318 2145 1498 2185 forman]

147 2246 374 2284 Conceditur
399 2252 442 2285 10
460 2249 633 2286 Octobris
654 2262 739 2285 cum
764 2251 882 2296 pestis
905 2250 1025 2286 indies
1048 2250 1164 2286 latius
1186 2263 1226 2286 se
1242 2250 1433 2286 diffundat
1451 2251 1572 2298 placet
1591 2251 1695 2287 vobis

243 2311 284 2343 vt
311 2309 496 2345 terminus
525 2309 753 2345 dissolvatur
780 2321 897 2356 vsque
922 2309 970 2346 ad
999 2313 1041 2346 13
1065 2310 1165 2346 diem
1192 2311 1364 2346 Januarii
1391 2311 1550 2358 proximi
1577 2311 1694 2346 futuri

241 2370 280 2403 et
309 2367 586 2415 disputaciones
619 2368 874 2417 philosophice
902 2382 968 2417 per
998 2371 1198 2417 magistros
1226 2372 1366 2407 artium
1397 2371 1550 2408 interim
1575 2372 1694 2407 fiende

243 2438 310 2473 pro
339 2427 449 2463 factis
478 2432 702 2464 censeantur
731 2432 810 2464 tam
840 2428 888 2464 ad
922 2430 1120 2476 magistros
1150 2430 1213 2477 qui
1244 2430 1484 2477 disputarent
1507 2443 1622 2477 quam
1647 2431 1694 2467 ad

242 2485 528 2524 bacchalaureos
549 2488 614 2535 qui
638 2488 906 2535 responderent
931 2489 984 2524 sie
1008 2492 1051 2524 vt
1072 2495 1290 2526 consuetam
1312 2491 1528 2537 petitionem
1546 2491 1695 2527 solvant

243 2544 397 2582 bedenis
419 2550 458 2582 et
478 2548 520 2582 vt
543 2546 712 2594 sophiste
735 2547 878 2583 interea
900 2548 1080 2595 temporis
1102 2547 1220 2584 libere
1240 2549 1388 2595 possint
1409 2548 1603 2596 disputare
1628 2562 1695 2597 pro

240 2603 416 2650 gradibus
436 2605 516 2641 suis
532 2606 571 2640 in
587 2607 776 2652 presentia
793 2606 1033 2642 collectorum
1051 2610 1089 2643 et
1106 2610 1128 2643 6
1145 2607 1304 2643 aliorum
1321 2608 1548 2644 scholarium

147 2661 372 2699 Conceditur
387 2663 515 2700 codem
532 2664 593 2700 die
612 2664 738 2700 Placet
752 2664 857 2700 vobis
871 2668 912 2701 vt
930 2678 1003 2700 non
1021 2665 1198 2702 obstante
1212 2670 1336 2702 vestro
1352 2666 1500 2702 decreto
1517 2667 1695 2703 hodierno

240 2722 300 2758 die
326 2723 560 2770 promulgato
584 2724 630 2759 de
654 2724 818 2759 termino
846 2724 1083 2760 dissolvendo
1111 2725 1164 2761 sit
1192 2729 1320 2761 tamen
1350 2726 1483 2772 plenus
1513 2727 1696 2778 terminus

242 2795 260 2818 a
286 2785 324 2818 3⁰
343 2782 404 2818 die
427 2783 657 2827 Novembris
675 2784 834 2830 proximi
858 2784 976 2820 futuri
1001 2796 1117 2831 vsque
1139 2785 1187 2820 ad
1211 2785 1398 2821 decimum
1420 2786 1587 2822 eiusdem
1610 2799 1695 2822 cum

243 2854 310 2888 pro
333 2842 513 2879 electione
537 2843 680 2879 domini
706 2844 996 2880 vicecancellarii
1022 2847 1104 2880 tum
1135 2856 1202 2891 pro
1227 2845 1406 2881 electione
1434 2845 1632 2882 custodum
1659 2850 1698 2882 et

244 2901 458 2938 auditorum
483 2902 663 2938 cistarum
688 2906 839 2939 tantum

152 2959 378 2997 Conceditur
395 2964 439 2997 25
456 2961 479 2998 J
483 2962 629 2999 aunarii
642 2965 684 2998 vt
701 2962 900 2998 indenture
917 2962 1027 2999 modo
1044 2963 1138 2999 lecte
1152 2963 1363 3010 sigillentur
1375 2963 1496 3010 sigillo
1507 2966 1697 3000 communi
