2008 3216
177 160 393 216 1559-60]
527 170 541 184 ·
755 169 907 202 emon:
939 167 1062 200 ΒοοΚ
1095 167 1125 198 Δ
1637 156 1716 196 141

610 442 728 483 Ordo
759 440 1025 484 senioritatis
1057 439 1292 482 eorundem

363 579 534 626 Derynge
855 577 1063 625 Symondes
1303 576 1434 611 Foster

364 638 491 674 Collen
857 637 988 672 Carter
1307 635 1450 681 Leugar

363 697 562 744 Withipoll
859 697 1040 732 Clarkson
1304 695 1328 730 J
1331 707 1362 730 o.
1381 694 1552 729 Johnson

366 754 564 790 Stockdale
861 754 997 789 Holmc
1306 752 1329 786 J
1332 764 1363 787 ο.
1383 751 1507 787 Cooke
1524 750 1645 796 (Reg.)

369 813 549 849 Robertes
863 812 941 848 Bell
1307 810 1502 846 Castleton

367 873 494 909 Goade
862 871 1003 908 Nelson
1309 869 1541 916 Wylkynson

369 932 538 968 Hatcher
863 932 980 978 Berye
1309 929 1493 974 Valenger

368 991 462 1027 Gaif.
481 990 652 1026 Johnson
862 988 1048 1025 Andrewe
1308 988 1411 1033 Agar
1427 984 1659 1034 [Haygarth]

370 1048 498 1084 Bonde
863 1047 954 1083 Alat
1020 1050 1023 1054 '
1311 1044 1573 1092 Brydgewater

370 1108 497 1143 Power
866 1105 1070 1142 Richardes
1313 1104 1518 1140 Matthewe

373 1166 507 1202 Powell
864 1165 1024 1213 Smythe
1311 1163 1462 1199 Ashton

372 1223 529 1271 Dakyns
868 1222 1030 1259 Pecocke
1183 1229 1185 1231 “
1313 1219 1519 1257 Chambers

372 1282 463 1318 Rob.
484 1283 618 1330 Kynge
866 1281 1011 1318 Burrell
1313 1279 1431 1316 Hales

373 1341 512 1389 Copley
867 1340 1006 1377 Dowke
1314 1339 1436 1375 Becke

374 1401 452 1436 Ric.
473 1401 607 1448 Kynge
870 1399 1037 1435 Halocke
1316 1398 1463 1434 Norton

374 1460 494 1496 Forde
867 1459 1019 1495 Certam
1035 1457 1204 1507 [Serton]
1318 1458 1456 1494 Davies

375 1516 507 1552 Nevell
870 1514 1040 1551 Tonstall
1317 1513 1448 1549 Trotte

376 1575 503 1612 Conus
871 1575 1017 1611 Palmer
1316 1573 1419 1608 Jaco-
1440 1572 1564 1609 Cooke

378 1635 542 1682 Buokley
870 1634 986 1669 Alder
1317 1631 1454 1668 Valera

379 1694 522 1729 Rastall
732 1728 734 1730 i
872 1693 999 1729 Crofte
1319 1690 1483 1725 Holland

730 1922 929 1980 Magistri
961 1922 1006 1964 in
1038 1921 1205 1964 artibus

193 2051 420 2088 Conceditur
435 2053 482 2087 24
498 2049 725 2087 Novembris
744 2050 836 2085 1559
852 2047 1005 2084 domino
1024 2047 1206 2094 Bulleyne
1223 2050 1265 2083 vt
1282 2049 1305 2083 9
1322 2047 1475 2083 termini
1492 2050 1579 2094 post
1595 2046 1745 2083 finalem

288 2110 369 2147 eius
385 2109 739 2147 determinationem
755 2108 795 2144 in
812 2107 951 2155 quibus
968 2106 1148 2143 lectiones
1165 2105 1374 2142 ordinarias
1395 2105 1544 2142 audiuit
1560 2106 1648 2142 licet
1671 2117 1747 2141 non

290 2169 444 2206 omnino
459 2168 666 2205 secundum
683 2167 843 2204 formam
860 2166 999 2202 statuti
1017 2177 1103 2202 cum
1120 2165 1420 2213 oppositionibus
1442 2165 1747 2212 responsionibus

289 2230 329 2265 et
356 2228 441 2264 aliis
467 2227 655 2264 exercitiis
683 2237 750 2274 per
782 2225 883 2273 regia
915 2228 1062 2261 statuta
1094 2224 1288 2272 requisitis
1320 2224 1511 2260 sufficiant
1543 2224 1578 2260 ei
1610 2223 1658 2260 ad
1692 2224 1747 2260 in-

291 2285 507 2335 cipiendum
530 2285 572 2322 in
596 2283 743 2321 artibus

196 2345 424 2382 Conceditur
447 2347 494 2381 26
518 2343 691 2381 Januarii
716 2343 868 2380 domino
894 2342 1063 2379 Oowlton
1088 2345 1131 2378 vt
1155 2344 1178 2379 9
1202 2342 1357 2378 termini
1381 2344 1468 2389 post
1492 2341 1643 2378 finalem
1667 2341 1749 2378 eius

292 2404 646 2442 determinationem
678 2403 718 2440 in
751 2402 890 2450 quibus
922 2402 1101 2439 lectiones
1133 2401 1341 2438 ordinarias
1373 2400 1522 2437 audiuit
1553 2400 1643 2437 licet
1674 2412 1749 2436 non

293 2464 446 2500 omnino
462 2462 669 2500 secundm
685 2462 845 2499 formam
869 2461 1007 2498 statuti
1024 2473 1111 2498 cum
1133 2460 1258 2497 tribus
1279 2459 1586 2508 responsionibus
1608 2462 1647 2495 et
1666 2459 1750 2495 aliis

293 2522 480 2559 exercitiis
507 2533 573 2569 per
604 2521 706 2568 regia.
737 2522 885 2556 statuta
913 2518 1105 2566 requisitis
1137 2518 1328 2555 sufficiant
1355 2517 1390 2554 ei
1417 2517 1466 2553 ad
1494 2516 1750 2564 incipiendum

294 2582 335 2617 in
359 2580 506 2618 artibus

202 2642 345 2679 Eadem
360 2640 481 2688 gratia
496 2639 714 2676 conceditur
730 2638 860 2675 eodem
876 2637 1029 2674 domino
1047 2637 1230 2673 Sherman

204 2700 345 2736 Eadem
372 2698 494 2746 gratia
517 2697 734 2734 conceditur
764 2700 808 2732 15
836 2695 965 2731 Martii
993 2695 1147 2731 domino
1172 2694 1332 2730 Ranowe
1356 2693 1391 2730 d.
1420 2693 1562 2729 Hickes
1586 2693 1623 2729 d.
1652 2693 1753 2729 Lane

299 2759 334 2795 d.
361 2757 541 2793 Marshan
565 2756 601 2793 d.
627 2756 747 2803 Gwyn
772 2755 807 2791 d.
834 2754 962 2791 Todde
989 2754 1024 2790 d.
1053 2753 1190 2801 Smyth
1214 2752 1250 2790 d.
1279 2753 1386 2788 Hues
1412 2752 1448 2789 d.
1480 2751 1673 2788 Rowland‘
1707 2755 1754 2789 29

299 2816 429 2852 Martii
452 2815 488 2852 d.
507 2814 648 2861 Oragge
669 2814 704 2850 d.
725 2814 845 2860 Legge
866 2813 902 2850 d.
927 2812 1051 2859 Longe
1071 2811 1106 2849 d.
1132 2810 1276 2858 Lynley
1291 2810 1327 2846 d.
1353 2810 1520 2857 Brydges
1542 2809 1577 2846 d.
1603 2810 1754 2846 Dowset

297 2876 332 2915 (1.
353 2875 456 2913 Prise
500 2876 542 2914 17
562 2874 655 2910 Maii
671 2873 707 2913 d.
733 2874 882 2911 Wattes
906 2872 942 2911 d.
969 2871 1155 2909 Dethicke
1176 2873 1216 2908 et
1240 2873 1286 2906 28
1311 2870 1418 2907 ,Iunii
1443 2870 1478 2906 d.
1506 2869 1754 2919 Cartewright
