<?xml version="1.0" encoding="UTF-8"?>
<!DOCTYPE html PUBLIC "-//W3C//DTD XHTML 1.0 Transitional//EN"
    "http://www.w3.org/TR/xhtml1/DTD/xhtml1-transitional.dtd">
<html xmlns="http://www.w3.org/1999/xhtml" xml:lang="en" lang="en">
 <head>
  <title>
</title>
<meta http-equiv="Content-Type" content="text/html;charset=utf-8" />
  <meta name='ocr-system' content='tesseract 3.04.00' />
  <meta name='ocr-capabilities' content='ocr_page ocr_carea ocr_par ocr_line ocrx_word'/>
</head>
<body>
  <div class='ocr_page' id='page_1' title='image "./gracebookdeltaco00univuoft_0208.png"; bbox 0 0 2008 3216; ppageno 0'>
   <div class='ocr_carea' id='block_1_1' title="bbox 99 482 241 522">
    <p class='ocr_par' dir='ltr' id='par_1_1' title="bbox 99 482 241 522">
     <span class='ocr_line' id='line_1_1' title="bbox 99 482 241 522; baseline 0.007 -3"><span class='ocrx_word' id='word_1_1' title='bbox 99 482 126 522; x_wconf 85' lang='lat' dir='ltr'><strong>f.</strong></span> <span class='ocrx_word' id='word_1_2' title='bbox 149 483 241 521; x_wconf 74' lang='lat'><strong>741&gt;</strong></span> 
     </span>
    </p>
   </div>
   <div class='ocr_carea' id='block_1_2' title="bbox 324 144 1874 202">
    <p class='ocr_par' dir='ltr' id='par_1_2' title="bbox 324 144 1874 202">
     <span class='ocr_line' id='line_1_2' title="bbox 324 144 1874 202; baseline 0 -14"><span class='ocrx_word' id='word_1_3' title='bbox 324 144 409 188; x_wconf 80' lang='lat'><strong>174</strong></span> <span class='ocrx_word' id='word_1_4' title='bbox 905 158 1058 189; x_wconf 77' lang='lat' dir='ltr'><strong>GRAoE</strong></span> <span class='ocrx_word' id='word_1_5' title='bbox 1089 157 1214 189; x_wconf 70' lang='lat' dir='ltr'><strong>Boon</strong></span> <span class='ocrx_word' id='word_1_6' title='bbox 1247 157 1275 188; x_wconf 79' lang='grc' dir='ltr'><strong>Δ</strong></span> <span class='ocrx_word' id='word_1_7' title='bbox 1651 146 1874 202; x_wconf 87' lang='lat'>[1563—64</span> 
     </span>
    </p>
   </div>
   <div class='ocr_carea' id='block_1_3' title="bbox 859 497 1341 554">
    <p class='ocr_par' dir='ltr' id='par_1_3' title="bbox 859 497 1341 554">
     <span class='ocr_line' id='line_1_3' title="bbox 859 497 1341 554; baseline 0.006 -15"><span class='ocrx_word' id='word_1_8' title='bbox 859 497 1062 554; x_wconf 77' lang='lat' dir='ltr'>Magistri</span> <span class='ocrx_word' id='word_1_9' title='bbox 1094 498 1139 540; x_wconf 90' lang='lat' dir='ltr'><strong>in</strong></span> <span class='ocrx_word' id='word_1_10' title='bbox 1170 498 1341 542; x_wconf 78' lang='lat' dir='ltr'><strong>artibus</strong></span> 
     </span>
    </p>
   </div>
   <div class='ocr_carea' id='block_1_4' title="bbox 317 632 1876 2397">
    <p class='ocr_par' dir='ltr' id='par_1_4' title="bbox 322 632 1876 906">
     <span class='ocr_line' id='line_1_4' title="bbox 322 632 1875 682; baseline 0.002 -13"><span class='ocrx_word' id='word_1_11' title='bbox 322 633 550 670; x_wconf 71' lang='lat' dir='ltr'>Conceditur</span> <span class='ocrx_word' id='word_1_12' title='bbox 566 635 589 669; x_wconf 90' lang='lat'><strong>3</strong></span> <span class='ocrx_word' id='word_1_13' title='bbox 607 633 738 668; x_wconf 88' lang='lat' dir='ltr'><strong>Martii</strong></span> <span class='ocrx_word' id='word_1_14' title='bbox 760 632 914 671; x_wconf 90' lang='lat' dir='ltr'><strong>domino</strong></span> <span class='ocrx_word' id='word_1_15' title='bbox 937 633 1029 669; x_wconf 85' lang='lat' dir='ltr'><strong>Tho.</strong></span> <span class='ocrx_word' id='word_1_16' title='bbox 1050 633 1195 669; x_wconf 83' lang='lat' dir='ltr'><strong>Rastall</strong></span> <span class='ocrx_word' id='word_1_17' title='bbox 1217 637 1261 670; x_wconf 87' lang='lat' dir='ltr'><strong>vt</strong></span> <span class='ocrx_word' id='word_1_18' title='bbox 1282 633 1320 670; x_wconf 87' lang='lat' dir='ltr'><strong>ix</strong></span> <span class='ocrx_word' id='word_1_19' title='bbox 1343 635 1496 671; x_wconf 97' lang='lat' dir='ltr'><strong>termini</strong></span> <span class='ocrx_word' id='word_1_20' title='bbox 1513 638 1600 682; x_wconf 89' lang='lat' dir='ltr'><strong>post</strong></span> <span class='ocrx_word' id='word_1_21' title='bbox 1621 636 1772 672; x_wconf 86' lang='lat' dir='ltr'><strong>finalem</strong></span> <span class='ocrx_word' id='word_1_22' title='bbox 1794 636 1875 672; x_wconf 81' lang='lat' dir='ltr'><strong>eius</strong></span> 
     </span>
     <span class='ocr_line' id='line_1_5' title="bbox 415 692 1875 740; baseline 0.003 -12"><span class='ocrx_word' id='word_1_23' title='bbox 415 693 769 729; x_wconf 71' lang='lat' dir='ltr'><strong>determinationem</strong></span> <span class='ocrx_word' id='word_1_24' title='bbox 802 693 842 728; x_wconf 93' lang='lat' dir='ltr'><strong>in</strong></span> <span class='ocrx_word' id='word_1_25' title='bbox 875 692 1015 740; x_wconf 89' lang='lat' dir='ltr'><strong>quibus</strong></span> <span class='ocrx_word' id='word_1_26' title='bbox 1049 693 1229 730; x_wconf 89' lang='lat' dir='ltr'><strong>lectiones</strong></span> <span class='ocrx_word' id='word_1_27' title='bbox 1261 694 1471 730; x_wconf 83' lang='lat' dir='ltr'><strong>ordinarias</strong></span> <span class='ocrx_word' id='word_1_28' title='bbox 1499 695 1650 731; x_wconf 87' lang='lat' dir='ltr'><strong>audiuit</strong></span> <span class='ocrx_word' id='word_1_29' title='bbox 1677 696 1766 732; x_wconf 90' lang='lat' dir='ltr'><strong>licet</strong></span> <span class='ocrx_word' id='word_1_30' title='bbox 1798 708 1875 732; x_wconf 88' lang='lat' dir='ltr'><strong>non</strong></span> 
     </span>
     <span class='ocr_line' id='line_1_6' title="bbox 416 752 1876 802; baseline 0.003 -15"><span class='ocrx_word' id='word_1_31' title='bbox 416 752 572 788; x_wconf 90' lang='lat' dir='ltr'><strong>omnino</strong></span> <span class='ocrx_word' id='word_1_32' title='bbox 585 752 793 788; x_wconf 89' lang='lat' dir='ltr'><strong>secundum</strong></span> <span class='ocrx_word' id='word_1_33' title='bbox 811 752 972 788; x_wconf 84' lang='lat' dir='ltr'><strong>formam</strong></span> <span class='ocrx_word' id='word_1_34' title='bbox 989 752 1128 788; x_wconf 84' lang='lat' dir='ltr'><strong>statuti</strong></span> <span class='ocrx_word' id='word_1_35' title='bbox 1145 764 1231 788; x_wconf 90' lang='lat' dir='ltr'><strong>cum</strong></span> <span class='ocrx_word' id='word_1_36' title='bbox 1250 753 1552 800; x_wconf 84' lang='lat' dir='ltr'><strong>oppositionibus</strong></span> <span class='ocrx_word' id='word_1_37' title='bbox 1568 754 1876 802; x_wconf 77' lang='lat' dir='ltr'>responsionibus</span> 
     </span>
     <span class='ocr_line' id='line_1_7' title="bbox 414 810 1874 861; baseline 0.003 -15"><span class='ocrx_word' id='word_1_38' title='bbox 414 815 453 846; x_wconf 89' lang='lat' dir='ltr'><strong>et</strong></span> <span class='ocrx_word' id='word_1_39' title='bbox 475 810 560 846; x_wconf 87' lang='lat' dir='ltr'><strong>aliis</strong></span> <span class='ocrx_word' id='word_1_40' title='bbox 582 810 772 846; x_wconf 87' lang='lat' dir='ltr'><strong>exercitiis</strong></span> <span class='ocrx_word' id='word_1_41' title='bbox 788 822 855 858; x_wconf 90' lang='lat' dir='ltr'><strong>per</strong></span> <span class='ocrx_word' id='word_1_42' title='bbox 871 813 1020 847; x_wconf 81' lang='lat' dir='ltr'><strong>statuta</strong></span> <span class='ocrx_word' id='word_1_43' title='bbox 1041 811 1157 857; x_wconf 84' lang='lat' dir='ltr'><strong>Regia</strong></span> <span class='ocrx_word' id='word_1_44' title='bbox 1180 812 1376 859; x_wconf 83' lang='lat' dir='ltr'><strong>requisitis</strong></span> <span class='ocrx_word' id='word_1_45' title='bbox 1399 813 1590 849; x_wconf 90' lang='lat' dir='ltr'><strong>sufficiant</strong></span> <span class='ocrx_word' id='word_1_46' title='bbox 1611 813 1646 850; x_wconf 89' lang='lat' dir='ltr'><strong>ei</strong></span> <span class='ocrx_word' id='word_1_47' title='bbox 1669 813 1718 850; x_wconf 89' lang='lat' dir='ltr'><strong>ad</strong></span> <span class='ocrx_word' id='word_1_48' title='bbox 1741 814 1874 861; x_wconf 90' lang='lat' dir='ltr'><strong>incipi-</strong></span> 
     </span>
     <span class='ocr_line' id='line_1_8' title="bbox 414 869 778 906; baseline 0 -1"><span class='ocrx_word' id='word_1_49' title='bbox 414 869 554 906; x_wconf 89' lang='lat' dir='ltr'><strong>endum</strong></span> <span class='ocrx_word' id='word_1_50' title='bbox 572 870 612 905; x_wconf 93' lang='lat' dir='ltr'><strong>in</strong></span> <span class='ocrx_word' id='word_1_51' title='bbox 629 869 778 906; x_wconf 86' lang='lat' dir='ltr'><strong>artibus</strong></span> 
     </span>
    </p>

    <p class='ocr_par' dir='ltr' id='par_1_5' title="bbox 320 928 1874 1083">
     <span class='ocr_line' id='line_1_9' title="bbox 320 928 1874 978; baseline 0.002 -14"><span class='ocrx_word' id='word_1_52' title='bbox 320 928 464 965; x_wconf 91' lang='lat' dir='ltr'><strong>Eodem</strong></span> <span class='ocrx_word' id='word_1_53' title='bbox 489 928 621 965; x_wconf 76' lang='lat' dir='ltr'><strong>eadem</strong></span> <span class='ocrx_word' id='word_1_54' title='bbox 645 929 768 975; x_wconf 87' lang='lat' dir='ltr'><strong>gratia</strong></span> <span class='ocrx_word' id='word_1_55' title='bbox 792 929 1011 965; x_wconf 81' lang='lat' dir='ltr'><strong>conceditur</strong></span> <span class='ocrx_word' id='word_1_56' title='bbox 1037 928 1190 965; x_wconf 91' lang='lat' dir='ltr'><strong>domino</strong></span> <span class='ocrx_word' id='word_1_57' title='bbox 1219 929 1313 966; x_wconf 87' lang='lat' dir='ltr'><strong>Rob.</strong></span> <span class='ocrx_word' id='word_1_58' title='bbox 1347 930 1479 966; x_wconf 88' lang='lat' dir='ltr'><strong>Tower</strong></span> <span class='ocrx_word' id='word_1_59' title='bbox 1505 929 1540 966; x_wconf 90' lang='lat' dir='ltr'><strong>d.</strong></span> <span class='ocrx_word' id='word_1_60' title='bbox 1569 929 1677 967; x_wconf 88' lang='lat' dir='ltr'><strong>Edm.</strong></span> <span class='ocrx_word' id='word_1_61' title='bbox 1703 930 1874 978; x_wconf 80' lang='lat' dir='ltr'><strong>Rokerey</strong></span> 
     </span>
     <span class='ocr_line' id='line_1_10' title="bbox 412 987 1872 1037; baseline 0.001 -13"><span class='ocrx_word' id='word_1_62' title='bbox 412 987 447 1024; x_wconf 89' lang='lat' dir='ltr'><strong>d.</strong></span> <span class='ocrx_word' id='word_1_63' title='bbox 480 987 573 1024; x_wconf 85' lang='lat' dir='ltr'><strong>Rob.</strong></span> <span class='ocrx_word' id='word_1_64' title='bbox 606 987 773 1035; x_wconf 86' lang='lat' dir='ltr'><strong>Lynford</strong></span> <span class='ocrx_word' id='word_1_65' title='bbox 798 987 835 1025; x_wconf 90' lang='lat' dir='ltr'><strong>d.</strong></span> <span class='ocrx_word' id='word_1_66' title='bbox 866 988 890 1024; x_wconf 91' lang='lat' dir='ltr'>J</span> <span class='ocrx_word' id='word_1_67' title='bbox 893 1000 925 1024; x_wconf 95' lang='lat' dir='ltr'><strong>o.</strong></span> <span class='ocrx_word' id='word_1_68' title='bbox 961 989 1108 1024; x_wconf 86' lang='lat' dir='ltr'><strong>Beacon</strong></span> <span class='ocrx_word' id='word_1_69' title='bbox 1137 988 1172 1025; x_wconf 91' lang='lat' dir='ltr'><strong>d.</strong></span> <span class='ocrx_word' id='word_1_70' title='bbox 1206 988 1298 1024; x_wconf 88' lang='lat' dir='ltr'><strong>Rob.</strong></span> <span class='ocrx_word' id='word_1_71' title='bbox 1311 1024 1313 1026; x_wconf 87' lang='grc'><strong>,</strong></span> <span class='ocrx_word' id='word_1_72' title='bbox 1328 989 1504 1037; x_wconf 82' lang='lat' dir='ltr'><strong>Byshope</strong></span> <span class='ocrx_word' id='word_1_73' title='bbox 1530 988 1567 1026; x_wconf 88' lang='lat' dir='ltr'><strong>d.</strong></span> <span class='ocrx_word' id='word_1_74' title='bbox 1602 989 1724 1026; x_wconf 92' lang='lat' dir='ltr'><strong>Ovino</strong></span> <span class='ocrx_word' id='word_1_75' title='bbox 1753 990 1872 1037; x_wconf 86' lang='lat' dir='ltr'><strong>Owyn</strong></span> 
     </span>
     <span class='ocr_line' id='line_1_11' title="bbox 412 1045 1062 1083; baseline 0 -1"><span class='ocrx_word' id='word_1_76' title='bbox 412 1046 448 1083; x_wconf 88' lang='lat' dir='ltr'><strong>d.</strong></span> <span class='ocrx_word' id='word_1_77' title='bbox 473 1046 632 1082; x_wconf 86' lang='lat' dir='ltr'><strong>Ricardo</strong></span> <span class='ocrx_word' id='word_1_78' title='bbox 651 1047 784 1082; x_wconf 85' lang='lat' dir='ltr'><strong>Mason</strong></span> <span class='ocrx_word' id='word_1_79' title='bbox 801 1045 837 1083; x_wconf 94' lang='lat' dir='ltr'><strong>d.</strong></span> <span class='ocrx_word' id='word_1_80' title='bbox 859 1047 916 1082; x_wconf 92' lang='lat' dir='ltr'><strong>W.</strong></span> <span class='ocrx_word' id='word_1_81' title='bbox 938 1046 1062 1082; x_wconf 87' lang='lat' dir='ltr'><strong>Tabor</strong></span> 
     </span>
    </p>

    <p class='ocr_par' dir='ltr' id='par_1_6' title="bbox 319 1105 1870 1330">
     <span class='ocr_line' id='line_1_12' title="bbox 319 1105 1866 1154; baseline 0.002 -13"><span class='ocrx_word' id='word_1_82' title='bbox 319 1105 462 1142; x_wconf 82' lang='lat' dir='ltr'><strong>Eadem</strong></span> <span class='ocrx_word' id='word_1_83' title='bbox 477 1106 600 1153; x_wconf 83' lang='lat' dir='ltr'><strong>gratia</strong></span> <span class='ocrx_word' id='word_1_84' title='bbox 617 1105 837 1142; x_wconf 85' lang='lat' dir='ltr'><strong>conceditur</strong></span> <span class='ocrx_word' id='word_1_85' title='bbox 853 1118 901 1141; x_wconf 90' lang='lat' dir='ltr'><strong>xv</strong></span> <span class='ocrx_word' id='word_1_86' title='bbox 919 1105 1050 1142; x_wconf 89' lang='lat' dir='ltr'><strong>Martii</strong></span> <span class='ocrx_word' id='word_1_87' title='bbox 1067 1105 1102 1142; x_wconf 87' lang='lat' dir='ltr'><strong>d.</strong></span> <span class='ocrx_word' id='word_1_88' title='bbox 1122 1106 1292 1142; x_wconf 86' lang='lat' dir='ltr'><strong>Arthuro</strong></span> <span class='ocrx_word' id='word_1_89' title='bbox 1311 1106 1463 1154; x_wconf 87' lang='lat' dir='ltr'><strong>Purifye</strong></span> <span class='ocrx_word' id='word_1_90' title='bbox 1479 1107 1514 1143; x_wconf 90' lang='lat' dir='ltr'><strong>d.</strong></span> <span class='ocrx_word' id='word_1_91' title='bbox 1533 1107 1557 1143; x_wconf 87' lang='lat' dir='ltr'>J</span> <span class='ocrx_word' id='word_1_92' title='bbox 1559 1119 1590 1143; x_wconf 95' lang='lat' dir='ltr'><strong>o.</strong></span> <span class='ocrx_word' id='word_1_93' title='bbox 1611 1107 1736 1143; x_wconf 80' lang='lat' dir='ltr'><strong>Oooke</strong></span> <span class='ocrx_word' id='word_1_94' title='bbox 1753 1108 1788 1144; x_wconf 91' lang='lat' dir='ltr'><strong>d.</strong></span> <span class='ocrx_word' id='word_1_95' title='bbox 1809 1107 1866 1145; x_wconf 87' lang='lat' dir='ltr'><strong>W.</strong></span> 
     </span>
     <span class='ocr_line' id='line_1_13' title="bbox 412 1162 1870 1212; baseline 0.001 -11"><span class='ocrx_word' id='word_1_96' title='bbox 412 1163 580 1211; x_wconf 87' lang='lat' dir='ltr'><strong>Gylbard</strong></span> <span class='ocrx_word' id='word_1_97' title='bbox 603 1163 638 1200; x_wconf 91' lang='lat' dir='ltr'><strong>d.</strong></span> <span class='ocrx_word' id='word_1_98' title='bbox 663 1163 756 1200; x_wconf 87' lang='lat' dir='ltr'><strong>Tho.</strong></span> <span class='ocrx_word' id='word_1_99' title='bbox 780 1163 901 1199; x_wconf 85' lang='lat' dir='ltr'><strong>Lakes</strong></span> <span class='ocrx_word' id='word_1_100' title='bbox 917 1162 953 1200; x_wconf 87' lang='lat' dir='ltr'><strong>d.</strong></span> <span class='ocrx_word' id='word_1_101' title='bbox 976 1163 1108 1210; x_wconf 87' lang='lat' dir='ltr'><strong>Steph.</strong></span> <span class='ocrx_word' id='word_1_102' title='bbox 1131 1164 1289 1199; x_wconf 87' lang='lat' dir='ltr'><strong>Warner</strong></span> <span class='ocrx_word' id='word_1_103' title='bbox 1305 1163 1340 1200; x_wconf 89' lang='lat' dir='ltr'><strong>d.</strong></span> <span class='ocrx_word' id='word_1_104' title='bbox 1358 1164 1416 1202; x_wconf 87' lang='lat' dir='ltr'><strong>J0.</strong></span> <span class='ocrx_word' id='word_1_105' title='bbox 1434 1164 1538 1212; x_wconf 83' lang='lat' dir='ltr'><strong>Ayer</strong></span> <span class='ocrx_word' id='word_1_106' title='bbox 1553 1164 1588 1201; x_wconf 86' lang='lat' dir='ltr'><strong>d.</strong></span> <span class='ocrx_word' id='word_1_107' title='bbox 1609 1165 1702 1202; x_wconf 92' lang='lat' dir='ltr'><strong>Tho.</strong></span> <span class='ocrx_word' id='word_1_108' title='bbox 1725 1166 1870 1203; x_wconf 86' lang='lat' dir='ltr'><strong>Drante</strong></span> 
     </span>
     <span class='ocr_line' id='line_1_14' title="bbox 412 1222 1867 1271; baseline 0.001 -11"><span class='ocrx_word' id='word_1_109' title='bbox 412 1223 447 1261; x_wconf 88' lang='lat' dir='ltr'><strong>d.</strong></span> <span class='ocrx_word' id='word_1_110' title='bbox 467 1223 534 1260; x_wconf 91' lang='lat' dir='ltr'><strong>Ed.</strong></span> <span class='ocrx_word' id='word_1_111' title='bbox 555 1222 737 1269; x_wconf 87' lang='lat' dir='ltr'><strong>Hausbey</strong></span> <span class='ocrx_word' id='word_1_112' title='bbox 754 1222 789 1259; x_wconf 87' lang='lat' dir='ltr'><strong>d.</strong></span> <span class='ocrx_word' id='word_1_113' title='bbox 809 1222 970 1258; x_wconf 86' lang='lat' dir='ltr'><strong>Ricardo</strong></span> <span class='ocrx_word' id='word_1_114' title='bbox 995 1222 1203 1259; x_wconf 81' lang='lat' dir='ltr'><strong>Howlande</strong></span> <span class='ocrx_word' id='word_1_115' title='bbox 1223 1223 1259 1260; x_wconf 89' lang='lat' dir='ltr'><strong>d.</strong></span> <span class='ocrx_word' id='word_1_116' title='bbox 1280 1223 1304 1259; x_wconf 86' lang='lat' dir='ltr'><strong>J</strong></span> <span class='ocrx_word' id='word_1_117' title='bbox 1308 1235 1339 1260; x_wconf 90' lang='lat' dir='ltr'><strong>o.</strong></span> <span class='ocrx_word' id='word_1_118' title='bbox 1369 1223 1551 1271; x_wconf 85' lang='lat' dir='ltr'><strong>Grundye</strong></span> <span class='ocrx_word' id='word_1_119' title='bbox 1574 1224 1610 1261; x_wconf 92' lang='lat' dir='ltr'><strong>d.</strong></span> <span class='ocrx_word' id='word_1_120' title='bbox 1631 1224 1690 1261; x_wconf 90' lang='lat' dir='ltr'><strong>W.</strong></span> <span class='ocrx_word' id='word_1_121' title='bbox 1714 1225 1817 1262; x_wconf 90' lang='lat' dir='ltr'><strong>Lunt</strong></span> <span class='ocrx_word' id='word_1_122' title='bbox 1833 1225 1867 1262; x_wconf 88' lang='lat' dir='ltr'><strong>d.</strong></span> 
     </span>
     <span class='ocr_line' id='line_1_15' title="bbox 413 1281 739 1330; baseline -0.006 -11"><span class='ocrx_word' id='word_1_123' title='bbox 413 1283 515 1330; x_wconf 88' lang='lat' dir='ltr'><strong>Step.</strong></span> <span class='ocrx_word' id='word_1_124' title='bbox 535 1281 739 1329; x_wconf 84' lang='lat' dir='ltr'><strong>Oardynall</strong></span> 
     </span>
    </p>

    <p class='ocr_par' dir='ltr' id='par_1_7' title="bbox 318 1340 1870 1436">
     <span class='ocr_line' id='line_1_16' title="bbox 318 1340 1870 1390; baseline 0.001 -11"><span class='ocrx_word' id='word_1_125' title='bbox 318 1342 461 1379; x_wconf 81' lang='lat' dir='ltr'><strong>Eadem</strong></span> <span class='ocrx_word' id='word_1_126' title='bbox 484 1342 607 1389; x_wconf 85' lang='lat' dir='ltr'><strong>gratia</strong></span> <span class='ocrx_word' id='word_1_127' title='bbox 628 1340 847 1377; x_wconf 86' lang='lat' dir='ltr'><strong>conceditur</strong></span> <span class='ocrx_word' id='word_1_128' title='bbox 866 1340 1001 1388; x_wconf 65' lang='lat' dir='ltr'><strong>xxiiijw</strong></span> <span class='ocrx_word' id='word_1_129' title='bbox 1025 1341 1155 1377; x_wconf 82' lang='lat' dir='ltr'><strong>Martii</strong></span> <span class='ocrx_word' id='word_1_130' title='bbox 1178 1341 1213 1378; x_wconf 92' lang='lat' dir='ltr'><strong>d.</strong></span> <span class='ocrx_word' id='word_1_131' title='bbox 1237 1341 1329 1378; x_wconf 89' lang='lat' dir='ltr'><strong>Tho.</strong></span> <span class='ocrx_word' id='word_1_132' title='bbox 1358 1341 1519 1378; x_wconf 81' lang='lat' dir='ltr'><strong>Randall</strong></span> <span class='ocrx_word' id='word_1_133' title='bbox 1541 1342 1576 1379; x_wconf 91' lang='lat' dir='ltr'><strong>d.</strong></span> <span class='ocrx_word' id='word_1_134' title='bbox 1597 1342 1688 1379; x_wconf 86' lang='lat' dir='ltr'><strong>Rob.</strong></span> <span class='ocrx_word' id='word_1_135' title='bbox 1708 1343 1870 1390; x_wconf 86' lang='lat' dir='ltr'><strong>Holgate</strong></span> 
     </span>
     <span class='ocr_line' id='line_1_17' title="bbox 412 1399 718 1436; baseline -0.007 0"><span class='ocrx_word' id='word_1_136' title='bbox 412 1399 448 1436; x_wconf 86' lang='lat' dir='ltr'><strong>d.</strong></span> <span class='ocrx_word' id='word_1_137' title='bbox 466 1399 559 1435; x_wconf 87' lang='lat' dir='ltr'><strong>Tho.</strong></span> <span class='ocrx_word' id='word_1_138' title='bbox 580 1399 718 1435; x_wconf 84' lang='lat' dir='ltr'><strong>Farfax</strong></span> 
     </span>
    </p>

    <p class='ocr_par' dir='ltr' id='par_1_8' title="bbox 318 1457 1871 1672">
     <span class='ocr_line' id='line_1_18' title="bbox 318 1457 1871 1506; baseline 0.002 -11"><span class='ocrx_word' id='word_1_139' title='bbox 318 1459 460 1495; x_wconf 82' lang='lat' dir='ltr'><strong>Eadem</strong></span> <span class='ocrx_word' id='word_1_140' title='bbox 484 1459 607 1506; x_wconf 79' lang='lat' dir='ltr'><strong>gratia</strong></span> <span class='ocrx_word' id='word_1_141' title='bbox 628 1457 848 1494; x_wconf 81' lang='lat' dir='ltr'><strong>conceditur</strong></span> <span class='ocrx_word' id='word_1_142' title='bbox 868 1457 1001 1505; x_wconf 86' lang='lat' dir='ltr'><strong>xxviij⁰</strong></span> <span class='ocrx_word' id='word_1_143' title='bbox 1023 1458 1168 1505; x_wconf 80' lang='lat' dir='ltr'><strong>Aprilis</strong></span> <span class='ocrx_word' id='word_1_144' title='bbox 1188 1457 1235 1494; x_wconf 90' lang='lat' dir='ltr'><strong>de</strong></span> <span class='ocrx_word' id='word_1_145' title='bbox 1258 1458 1371 1495; x_wconf 89' lang='lat' dir='ltr'><strong>verbo</strong></span> <span class='ocrx_word' id='word_1_146' title='bbox 1388 1458 1427 1495; x_wconf 93' lang='lat' dir='ltr'><strong>in</strong></span> <span class='ocrx_word' id='word_1_147' title='bbox 1445 1458 1602 1496; x_wconf 86' lang='lat' dir='ltr'><strong>verbum</strong></span> <span class='ocrx_word' id='word_1_148' title='bbox 1618 1459 1653 1496; x_wconf 87' lang='lat' dir='ltr'><strong>d.</strong></span> <span class='ocrx_word' id='word_1_149' title='bbox 1674 1460 1729 1497; x_wconf 88' lang='lat' dir='ltr'><strong>W.</strong></span> <span class='ocrx_word' id='word_1_150' title='bbox 1749 1460 1871 1498; x_wconf 86' lang='lat' dir='ltr'><strong>Grene</strong></span> 
     </span>
     <span class='ocr_line' id='line_1_19' title="bbox 411 1516 1870 1568; baseline 0.001 -14"><span class='ocrx_word' id='word_1_151' title='bbox 411 1518 446 1554; x_wconf 91' lang='lat' dir='ltr'><strong>d.</strong></span> <span class='ocrx_word' id='word_1_152' title='bbox 467 1517 558 1554; x_wconf 86' lang='lat' dir='ltr'><strong>Rob.</strong></span> <span class='ocrx_word' id='word_1_153' title='bbox 577 1517 750 1554; x_wconf 78' lang='lat' dir='ltr'><strong>Johnson</strong></span> <span class='ocrx_word' id='word_1_154' title='bbox 767 1516 802 1553; x_wconf 91' lang='lat' dir='ltr'><strong>d.</strong></span> <span class='ocrx_word' id='word_1_155' title='bbox 823 1517 924 1553; x_wconf 87' lang='lat' dir='ltr'><strong>Osm.</strong></span> <span class='ocrx_word' id='word_1_156' title='bbox 946 1517 1068 1554; x_wconf 89' lang='lat' dir='ltr'><strong>David</strong></span> <span class='ocrx_word' id='word_1_157' title='bbox 1085 1517 1121 1555; x_wconf 92' lang='lat' dir='ltr'><strong>d.</strong></span> <span class='ocrx_word' id='word_1_158' title='bbox 1138 1517 1162 1553; x_wconf 87' lang='lat' dir='ltr'><strong>J</strong></span> <span class='ocrx_word' id='word_1_159' title='bbox 1165 1529 1197 1553; x_wconf 94' lang='lat' dir='ltr'><strong>o.</strong></span> <span class='ocrx_word' id='word_1_160' title='bbox 1217 1517 1371 1565; x_wconf 85' lang='lat' dir='ltr'><strong>Gybson</strong></span> <span class='ocrx_word' id='word_1_161' title='bbox 1394 1517 1428 1554; x_wconf 91' lang='lat' dir='ltr'><strong>d.</strong></span> <span class='ocrx_word' id='word_1_162' title='bbox 1449 1518 1651 1555; x_wconf 89' lang='lat' dir='ltr'><strong>Lanceloto</strong></span> <span class='ocrx_word' id='word_1_163' title='bbox 1678 1519 1870 1568; x_wconf 88' lang='lat' dir='ltr'><strong>Dunnyng</strong></span> 
     </span>
     <span class='ocr_line' id='line_1_20' title="bbox 412 1575 1869 1624; baseline 0.002 -11"><span class='ocrx_word' id='word_1_164' title='bbox 412 1577 447 1613; x_wconf 86' lang='lat' dir='ltr'><strong>d.</strong></span> <span class='ocrx_word' id='word_1_165' title='bbox 478 1577 528 1613; x_wconf 90' lang='lat' dir='ltr'><strong>H.</strong></span> <span class='ocrx_word' id='word_1_166' title='bbox 559 1576 779 1613; x_wconf 70' lang='lat' dir='ltr'><strong>Cockcrofoe</strong></span> <span class='ocrx_word' id='word_1_167' title='bbox 804 1575 839 1613; x_wconf 87' lang='lat' dir='ltr'><strong>d.</strong></span> <span class='ocrx_word' id='word_1_168' title='bbox 867 1576 1033 1613; x_wconf 86' lang='lat' dir='ltr'><strong>Vincent</strong></span> <span class='ocrx_word' id='word_1_169' title='bbox 1057 1576 1232 1624; x_wconf 90' lang='lat' dir='ltr'><strong>Skynner</strong></span> <span class='ocrx_word' id='word_1_170' title='bbox 1255 1576 1291 1614; x_wconf 90' lang='lat' dir='ltr'><strong>d.</strong></span> <span class='ocrx_word' id='word_1_171' title='bbox 1320 1577 1503 1614; x_wconf 88' lang='lat' dir='ltr'><strong>Nicholao</strong></span> <span class='ocrx_word' id='word_1_172' title='bbox 1529 1577 1676 1615; x_wconf 84' lang='lat' dir='ltr'><strong>Crabbe</strong></span> <span class='ocrx_word' id='word_1_173' title='bbox 1699 1578 1734 1615; x_wconf 92' lang='lat' dir='ltr'><strong>d.</strong></span> <span class='ocrx_word' id='word_1_174' title='bbox 1762 1579 1869 1616; x_wconf 75' lang='lat' dir='ltr'><strong>Isaac</strong></span> 
     </span>
     <span class='ocr_line' id='line_1_21' title="bbox 413 1636 584 1672; baseline 0 0"><span class='ocrx_word' id='word_1_175' title='bbox 413 1636 584 1672; x_wconf 84' lang='lat' dir='ltr'><strong>Barrowe</strong></span> 
     </span>
    </p>

    <p class='ocr_par' dir='ltr' id='par_1_9' title="bbox 317 1696 1716 1745">
     <span class='ocr_line' id='line_1_22' title="bbox 317 1696 1716 1745; baseline 0.001 -11"><span class='ocrx_word' id='word_1_176' title='bbox 317 1697 459 1734; x_wconf 77' lang='lat' dir='ltr'><strong>Eadem</strong></span> <span class='ocrx_word' id='word_1_177' title='bbox 476 1697 599 1745; x_wconf 76' lang='lat' dir='ltr'><strong>gratia</strong></span> <span class='ocrx_word' id='word_1_178' title='bbox 615 1697 834 1733; x_wconf 86' lang='lat' dir='ltr'><strong>conceditur</strong></span> <span class='ocrx_word' id='word_1_179' title='bbox 850 1697 984 1733; x_wconf 89' lang='lat' dir='ltr'><strong>vltimo</strong></span> <span class='ocrx_word' id='word_1_180' title='bbox 1002 1697 1094 1733; x_wconf 81' lang='lat' dir='ltr'><strong>Maii</strong></span> <span class='ocrx_word' id='word_1_181' title='bbox 1111 1697 1147 1734; x_wconf 89' lang='lat' dir='ltr'><strong>d.</strong></span> <span class='ocrx_word' id='word_1_182' title='bbox 1168 1696 1224 1734; x_wconf 88' lang='lat' dir='ltr'><strong>W.</strong></span> <span class='ocrx_word' id='word_1_183' title='bbox 1243 1697 1381 1744; x_wconf 88' lang='lat' dir='ltr'><strong>Smyth</strong></span> <span class='ocrx_word' id='word_1_184' title='bbox 1398 1700 1438 1733; x_wconf 89' lang='lat' dir='ltr'><strong>et</strong></span> <span class='ocrx_word' id='word_1_185' title='bbox 1455 1697 1489 1734; x_wconf 91' lang='lat' dir='ltr'><strong>d.</strong></span> <span class='ocrx_word' id='word_1_186' title='bbox 1509 1697 1566 1735; x_wconf 90' lang='lat' dir='ltr'><strong>W.</strong></span> <span class='ocrx_word' id='word_1_187' title='bbox 1586 1698 1716 1735; x_wconf 86' lang='lat' dir='ltr'><strong>Butler</strong></span> 
     </span>
    </p>

    <p class='ocr_par' dir='ltr' id='par_1_10' title="bbox 318 1756 1870 2040">
     <span class='ocr_line' id='line_1_23' title="bbox 318 1756 1869 1803; baseline 0.002 -10"><span class='ocrx_word' id='word_1_188' title='bbox 318 1757 548 1794; x_wconf 81' lang='lat' dir='ltr'><strong>Conceditur</strong></span> <span class='ocrx_word' id='word_1_189' title='bbox 570 1759 613 1793; x_wconf 83' lang='lat'><strong>15</strong></span> <span class='ocrx_word' id='word_1_190' title='bbox 636 1757 765 1793; x_wconf 87' lang='lat' dir='ltr'><strong>Martii</strong></span> <span class='ocrx_word' id='word_1_191' title='bbox 786 1756 878 1792; x_wconf 88' lang='lat' dir='ltr'><strong>Tho.</strong></span> <span class='ocrx_word' id='word_1_192' title='bbox 899 1757 1071 1803; x_wconf 85' lang='lat' dir='ltr'><strong>Laugton</strong></span> <span class='ocrx_word' id='word_1_193' title='bbox 1089 1759 1132 1792; x_wconf 89' lang='lat' dir='ltr'><strong>vt</strong></span> <span class='ocrx_word' id='word_1_194' title='bbox 1148 1756 1319 1793; x_wconf 84' lang='lat' dir='ltr'><strong>studium</strong></span> <span class='ocrx_word' id='word_1_195' title='bbox 1337 1759 1421 1792; x_wconf 89' lang='lat' dir='ltr'><strong>octo</strong></span> <span class='ocrx_word' id='word_1_196' title='bbox 1437 1769 1623 1794; x_wconf 85' lang='lat' dir='ltr'><strong>annorum</strong></span> <span class='ocrx_word' id='word_1_197' title='bbox 1639 1758 1680 1794; x_wconf 94' lang='lat' dir='ltr'><strong>in</strong></span> <span class='ocrx_word' id='word_1_198' title='bbox 1697 1758 1869 1796; x_wconf 84' lang='lat' dir='ltr'><strong>humani-</strong></span> 
     </span>
     <span class='ocr_line' id='line_1_24' title="bbox 412 1815 1870 1863; baseline 0.001 -11"><span class='ocrx_word' id='word_1_199' title='bbox 412 1815 540 1852; x_wconf 79' lang='lat' dir='ltr'><strong>oribus</strong></span> <span class='ocrx_word' id='word_1_200' title='bbox 557 1816 678 1852; x_wconf 86' lang='lat' dir='ltr'><strong>literis</strong></span> <span class='ocrx_word' id='word_1_201' title='bbox 694 1816 834 1863; x_wconf 84' lang='lat' dir='ltr'><strong>partim</strong></span> <span class='ocrx_word' id='word_1_202' title='bbox 852 1816 891 1851; x_wconf 92' lang='lat' dir='ltr'><strong>in</strong></span> <span class='ocrx_word' id='word_1_203' title='bbox 909 1815 979 1852; x_wconf 82' lang='lat' dir='ltr'><strong>hac</strong></span> <span class='ocrx_word' id='word_1_204' title='bbox 992 1816 1240 1852; x_wconf 85' lang='lat' dir='ltr'><strong>vniuersitate</strong></span> <span class='ocrx_word' id='word_1_205' title='bbox 1253 1815 1447 1863; x_wconf 89' lang='lat' dir='ltr'><strong>partimin</strong></span> <span class='ocrx_word' id='word_1_206' title='bbox 1462 1816 1665 1853; x_wconf 87' lang='lat' dir='ltr'><strong>Oxoniensi</strong></span> <span class='ocrx_word' id='word_1_207' title='bbox 1678 1817 1870 1855; x_wconf 76' lang='lat' dir='ltr'><strong>academia</strong></span> 
     </span>
     <span class='ocr_line' id='line_1_25' title="bbox 412 1874 1869 1925; baseline 0.003 -15"><span class='ocrx_word' id='word_1_208' title='bbox 412 1886 499 1911; x_wconf 90' lang='lat' dir='ltr'><strong>cum</strong></span> <span class='ocrx_word' id='word_1_209' title='bbox 515 1874 818 1922; x_wconf 86' lang='lat' dir='ltr'><strong>oppositionibus</strong></span> <span class='ocrx_word' id='word_1_210' title='bbox 834 1874 1142 1922; x_wconf 77' lang='lat' dir='ltr'><strong>responsionibus</strong></span> <span class='ocrx_word' id='word_1_211' title='bbox 1158 1877 1197 1911; x_wconf 89' lang='lat' dir='ltr'><strong>et</strong></span> <span class='ocrx_word' id='word_1_212' title='bbox 1213 1875 1298 1911; x_wconf 81' lang='lat' dir='ltr'><strong>aliis</strong></span> <span class='ocrx_word' id='word_1_213' title='bbox 1315 1875 1502 1911; x_wconf 83' lang='lat' dir='ltr'><strong>exercitiis</strong></span> <span class='ocrx_word' id='word_1_214' title='bbox 1518 1887 1584 1923; x_wconf 86' lang='lat' dir='ltr'><strong>per</strong></span> <span class='ocrx_word' id='word_1_215' title='bbox 1599 1879 1747 1913; x_wconf 86' lang='lat' dir='ltr'><strong>statuta</strong></span> <span class='ocrx_word' id='word_1_216' title='bbox 1767 1877 1869 1925; x_wconf 82' lang='lat' dir='ltr'><strong>regia</strong></span> 
     </span>
     <span class='ocr_line' id='line_1_26' title="bbox 413 1932 1867 1981; baseline 0.002 -11"><span class='ocrx_word' id='word_1_217' title='bbox 413 1934 608 1981; x_wconf 83' lang='lat' dir='ltr'><strong>requisitis</strong></span> <span class='ocrx_word' id='word_1_218' title='bbox 623 1933 788 1970; x_wconf 86' lang='lat' dir='ltr'><strong>sufficiat</strong></span> <span class='ocrx_word' id='word_1_219' title='bbox 803 1934 837 1970; x_wconf 91' lang='lat' dir='ltr'><strong>ei</strong></span> <span class='ocrx_word' id='word_1_220' title='bbox 854 1933 903 1970; x_wconf 85' lang='lat' dir='ltr'><strong>ad</strong></span> <span class='ocrx_word' id='word_1_221' title='bbox 921 1933 1179 1981; x_wconf 88' lang='lat' dir='ltr'><strong>incipiendum</strong></span> <span class='ocrx_word' id='word_1_222' title='bbox 1197 1933 1236 1970; x_wconf 91' lang='lat' dir='ltr'><strong>in</strong></span> <span class='ocrx_word' id='word_1_223' title='bbox 1254 1932 1401 1970; x_wconf 84' lang='lat' dir='ltr'><strong>artibus</strong></span> <span class='ocrx_word' id='word_1_224' title='bbox 1417 1934 1471 1970; x_wconf 91' lang='lat' dir='ltr'><strong>sic</strong></span> <span class='ocrx_word' id='word_1_225' title='bbox 1494 1937 1536 1970; x_wconf 88' lang='lat' dir='ltr'><strong>vt</strong></span> <span class='ocrx_word' id='word_1_226' title='bbox 1561 1938 1686 1972; x_wconf 87' lang='lat' dir='ltr'><strong>vestra</strong></span> <span class='ocrx_word' id='word_1_227' title='bbox 1707 1936 1867 1973; x_wconf 85' lang='lat' dir='ltr'><strong>auctori-</strong></span> 
     </span>
     <span class='ocr_line' id='line_1_27' title="bbox 413 1991 1750 2040; baseline 0.001 -10"><span class='ocrx_word' id='word_1_228' title='bbox 413 1997 494 2030; x_wconf 84' lang='lat' dir='ltr'><strong>tate</strong></span> <span class='ocrx_word' id='word_1_229' title='bbox 510 1992 734 2040; x_wconf 82' lang='lat' dir='ltr'><strong>respondeat</strong></span> <span class='ocrx_word' id='word_1_230' title='bbox 751 1992 790 2029; x_wconf 92' lang='lat' dir='ltr'><strong>in</strong></span> <span class='ocrx_word' id='word_1_231' title='bbox 808 1992 943 2029; x_wconf 79' lang='lat' dir='ltr'><strong>habitu</strong></span> <span class='ocrx_word' id='word_1_232' title='bbox 961 1991 1200 2028; x_wconf 79' lang='lat' dir='ltr'><strong>bachalaurei</strong></span> <span class='ocrx_word' id='word_1_233' title='bbox 1217 1995 1257 2028; x_wconf 91' lang='lat' dir='ltr'><strong>et</strong></span> <span class='ocrx_word' id='word_1_234' title='bbox 1273 1991 1397 2029; x_wconf 77' lang='lat' dir='ltr'><strong>solvat</strong></span> <span class='ocrx_word' id='word_1_235' title='bbox 1414 1992 1656 2030; x_wconf 86' lang='lat' dir='ltr'><strong>vniuersitati</strong></span> <span class='ocrx_word' id='word_1_236' title='bbox 1674 2006 1720 2030; x_wconf 91' lang='lat' dir='ltr'><strong>xx</strong></span> <span class='ocrx_word' id='word_1_237' title='bbox 1730 2007 1750 2031; x_wconf 90' lang='lat' dir='ltr'><strong>s</strong></span> 
     </span>
    </p>

    <p class='ocr_par' dir='ltr' id='par_1_11' title="bbox 318 2052 1866 2277">
     <span class='ocr_line' id='line_1_28' title="bbox 318 2052 1866 2100; baseline 0 -9"><span class='ocrx_word' id='word_1_238' title='bbox 318 2053 546 2092; x_wconf 83' lang='lat' dir='ltr'><strong>Conceditur</strong></span> <span class='ocrx_word' id='word_1_239' title='bbox 567 2052 698 2090; x_wconf 87' lang='lat' dir='ltr'><strong>eodem</strong></span> <span class='ocrx_word' id='word_1_240' title='bbox 718 2052 753 2089; x_wconf 91' lang='lat' dir='ltr'><strong>d.</strong></span> <span class='ocrx_word' id='word_1_241' title='bbox 773 2052 903 2100; x_wconf 76' lang='lat' dir='ltr'><strong>Steph.</strong></span> <span class='ocrx_word' id='word_1_242' title='bbox 922 2052 1096 2100; x_wconf 87' lang='lat' dir='ltr'><strong>Woorley</strong></span> <span class='ocrx_word' id='word_1_243' title='bbox 1122 2057 1164 2088; x_wconf 83' lang='lat' dir='ltr'><strong>vt</strong></span> <span class='ocrx_word' id='word_1_244' title='bbox 1186 2052 1223 2088; x_wconf 88' lang='lat' dir='ltr'><strong>ix</strong></span> <span class='ocrx_word' id='word_1_245' title='bbox 1245 2052 1399 2089; x_wconf 87' lang='lat' dir='ltr'><strong>termini</strong></span> <span class='ocrx_word' id='word_1_246' title='bbox 1425 2055 1512 2100; x_wconf 88' lang='lat' dir='ltr'><strong>post</strong></span> <span class='ocrx_word' id='word_1_247' title='bbox 1534 2053 1684 2090; x_wconf 84' lang='lat' dir='ltr'><strong>finalem</strong></span> <span class='ocrx_word' id='word_1_248' title='bbox 1704 2053 1785 2091; x_wconf 82' lang='lat' dir='ltr'><strong>eius</strong></span> <span class='ocrx_word' id='word_1_249' title='bbox 1804 2053 1866 2091; x_wconf 89' lang='lat' dir='ltr'><strong>de-</strong></span> 
     </span>
     <span class='ocr_line' id='line_1_29' title="bbox 413 2110 1866 2158; baseline 0.002 -11"><span class='ocrx_word' id='word_1_250' title='bbox 413 2111 718 2148; x_wconf 84' lang='lat' dir='ltr'><strong>terminationem</strong></span> <span class='ocrx_word' id='word_1_251' title='bbox 735 2111 774 2147; x_wconf 89' lang='lat' dir='ltr'><strong>in</strong></span> <span class='ocrx_word' id='word_1_252' title='bbox 791 2110 930 2158; x_wconf 88' lang='lat' dir='ltr'><strong>quibus</strong></span> <span class='ocrx_word' id='word_1_253' title='bbox 946 2110 1125 2147; x_wconf 84' lang='lat' dir='ltr'><strong>lectiones</strong></span> <span class='ocrx_word' id='word_1_254' title='bbox 1141 2110 1349 2147; x_wconf 78' lang='lat' dir='ltr'><strong>ordinarias</strong></span> <span class='ocrx_word' id='word_1_255' title='bbox 1362 2110 1511 2147; x_wconf 80' lang='lat' dir='ltr'><strong>audiuit</strong></span> <span class='ocrx_word' id='word_1_256' title='bbox 1524 2111 1612 2148; x_wconf 86' lang='lat' dir='ltr'><strong>licet</strong></span> <span class='ocrx_word' id='word_1_257' title='bbox 1624 2123 1699 2148; x_wconf 90' lang='lat' dir='ltr'><strong>non</strong></span> <span class='ocrx_word' id='word_1_258' title='bbox 1712 2113 1866 2150; x_wconf 90' lang='lat' dir='ltr'><strong>omnino</strong></span> 
     </span>
     <span class='ocr_line' id='line_1_30' title="bbox 414 2169 1865 2220; baseline 0.002 -14"><span class='ocrx_word' id='word_1_259' title='bbox 414 2170 620 2207; x_wconf 77' lang='lat' dir='ltr'><strong>secundum</strong></span> <span class='ocrx_word' id='word_1_260' title='bbox 638 2170 796 2207; x_wconf 81' lang='lat' dir='ltr'><strong>formam</strong></span> <span class='ocrx_word' id='word_1_261' title='bbox 814 2170 951 2206; x_wconf 87' lang='lat' dir='ltr'><strong>statuti</strong></span> <span class='ocrx_word' id='word_1_262' title='bbox 969 2182 1056 2206; x_wconf 90' lang='lat' dir='ltr'><strong>cum</strong></span> <span class='ocrx_word' id='word_1_263' title='bbox 1073 2181 1147 2206; x_wconf 85' lang='lat' dir='ltr'><strong>vna</strong></span> <span class='ocrx_word' id='word_1_264' title='bbox 1163 2169 1403 2217; x_wconf 85' lang='lat' dir='ltr'><strong>responsione</strong></span> <span class='ocrx_word' id='word_1_265' title='bbox 1415 2170 1604 2207; x_wconf 88' lang='lat' dir='ltr'><strong>sufficiant</strong></span> <span class='ocrx_word' id='word_1_266' title='bbox 1620 2171 1654 2207; x_wconf 88' lang='lat' dir='ltr'><strong>ei</strong></span> <span class='ocrx_word' id='word_1_267' title='bbox 1670 2171 1718 2208; x_wconf 88' lang='lat' dir='ltr'><strong>ad</strong></span> <span class='ocrx_word' id='word_1_268' title='bbox 1735 2172 1865 2220; x_wconf 90' lang='lat' dir='ltr'><strong>incipi-</strong></span> 
     </span>
     <span class='ocr_line' id='line_1_31' title="bbox 413 2229 1866 2277; baseline 0.001 -10"><span class='ocrx_word' id='word_1_269' title='bbox 413 2229 553 2267; x_wconf 88' lang='lat' dir='ltr'><strong>endum</strong></span> <span class='ocrx_word' id='word_1_270' title='bbox 579 2230 619 2267; x_wconf 90' lang='lat' dir='ltr'><strong>in</strong></span> <span class='ocrx_word' id='word_1_271' title='bbox 641 2229 789 2266; x_wconf 85' lang='lat' dir='ltr'><strong>artibus</strong></span> <span class='ocrx_word' id='word_1_272' title='bbox 809 2230 863 2266; x_wconf 89' lang='lat' dir='ltr'><strong>sic</strong></span> <span class='ocrx_word' id='word_1_273' title='bbox 888 2234 930 2266; x_wconf 89' lang='lat' dir='ltr'><strong>vt</strong></span> <span class='ocrx_word' id='word_1_274' title='bbox 952 2230 1075 2266; x_wconf 84' lang='lat' dir='ltr'><strong>solvat</strong></span> <span class='ocrx_word' id='word_1_275' title='bbox 1092 2229 1332 2266; x_wconf 81' lang='lat' dir='ltr'><strong>vniuersitati</strong></span> <span class='ocrx_word' id='word_1_276' title='bbox 1351 2241 1402 2265; x_wconf 87' lang='lat' dir='ltr'><strong>xs</strong></span> <span class='ocrx_word' id='word_1_277' title='bbox 1419 2241 1486 2277; x_wconf 87' lang='lat' dir='ltr'><strong>pro</strong></span> <span class='ocrx_word' id='word_1_278' title='bbox 1503 2230 1658 2277; x_wconf 85' lang='lat' dir='ltr'><strong>reliquis</strong></span> <span class='ocrx_word' id='word_1_279' title='bbox 1680 2232 1866 2269; x_wconf 80' lang='lat' dir='ltr'><strong>exercitiis</strong></span> 
     </span>
    </p>

    <p class='ocr_par' dir='ltr' id='par_1_12' title="bbox 320 2288 1866 2397">
     <span class='ocr_line' id='line_1_32' title="bbox 320 2288 1866 2339; baseline -0.001 -10"><span class='ocrx_word' id='word_1_280' title='bbox 320 2293 406 2330; x_wconf 84' lang='lat' dir='ltr'><strong>Vna</strong></span> <span class='ocrx_word' id='word_1_281' title='bbox 429 2303 517 2328; x_wconf 89' lang='lat' dir='ltr'><strong>cum</strong></span> <span class='ocrx_word' id='word_1_282' title='bbox 545 2290 618 2327; x_wconf 79' lang='lat' dir='ltr'><strong>biis</strong></span> <span class='ocrx_word' id='word_1_283' title='bbox 643 2291 866 2339; x_wconf 86' lang='lat' dir='ltr'><strong>inceperunt</strong></span> <span class='ocrx_word' id='word_1_284' title='bbox 889 2290 936 2327; x_wconf 92' lang='lat' dir='ltr'><strong>de</strong></span> <span class='ocrx_word' id='word_1_285' title='bbox 961 2289 1114 2337; x_wconf 84' lang='lat' dir='ltr'><strong>collegio</strong></span> <span class='ocrx_word' id='word_1_286' title='bbox 1151 2289 1264 2336; x_wconf 79' lang='lat' dir='ltr'><strong>Regio</strong></span> <span class='ocrx_word' id='word_1_287' title='bbox 1288 2288 1428 2336; x_wconf 86' lang='lat' dir='ltr'><strong>quibus</strong></span> <span class='ocrx_word' id='word_1_288' title='bbox 1453 2289 1558 2325; x_wconf 88' lang='lat' dir='ltr'><strong>nulla</strong></span> <span class='ocrx_word' id='word_1_289' title='bbox 1589 2290 1711 2337; x_wconf 81' lang='lat' dir='ltr'><strong>gratia</strong></span> <span class='ocrx_word' id='word_1_290' title='bbox 1744 2292 1866 2338; x_wconf 88' lang='lat' dir='ltr'><strong>petita</strong></span> 
     </span>
     <span class='ocr_line' id='line_1_33' title="bbox 414 2346 1862 2397; baseline 0.001 -11"><span class='ocrx_word' id='word_1_291' title='bbox 414 2361 535 2396; x_wconf 86' lang='lat' dir='ltr'><strong>neque</strong></span> <span class='ocrx_word' id='word_1_292' title='bbox 550 2348 783 2397; x_wconf 77' lang='lat' dir='ltr'><strong>dispensatio</strong></span> <span class='ocrx_word' id='word_1_293' title='bbox 799 2360 975 2385; x_wconf 79' lang='lat' dir='ltr'><strong>concessa</strong></span> <span class='ocrx_word' id='word_1_294' title='bbox 990 2348 1167 2385; x_wconf 76' lang='lat' dir='ltr'><strong>dominus</strong></span> <span class='ocrx_word' id='word_1_295' title='bbox 1185 2347 1240 2385; x_wconf 91' lang='lat' dir='ltr'><strong>W.</strong></span> <span class='ocrx_word' id='word_1_296' title='bbox 1260 2347 1471 2395; x_wconf 79' lang='lat' dir='ltr'><strong>Wyokham</strong></span> <span class='ocrx_word' id='word_1_297' title='bbox 1488 2346 1523 2385; x_wconf 88' lang='lat' dir='ltr'><strong>d.</strong></span> <span class='ocrx_word' id='word_1_298' title='bbox 1542 2347 1564 2384; x_wconf 83' lang='lat' dir='ltr'><strong>J</strong></span> <span class='ocrx_word' id='word_1_299' title='bbox 1568 2359 1600 2384; x_wconf 89' lang='lat' dir='ltr'><strong>o.</strong></span> <span class='ocrx_word' id='word_1_300' title='bbox 1623 2347 1804 2387; x_wconf 77' lang='lat' dir='ltr'><strong>Wolward</strong></span> <span class='ocrx_word' id='word_1_301' title='bbox 1827 2349 1862 2387; x_wconf 92' lang='lat' dir='ltr'><strong>d.</strong></span> 
     </span>
    </p>
   </div>
   <div class='ocr_carea' id='block_1_5' title="bbox 416 2408 679 2455">
    <p class='ocr_par' dir='ltr' id='par_1_13' title="bbox 416 2408 679 2455">
     <span class='ocr_line' id='line_1_34' title="bbox 416 2408 679 2455; baseline -0.004 -10"><span class='ocrx_word' id='word_1_302' title='bbox 416 2408 504 2455; x_wconf 76' lang='lat' dir='ltr'><strong>Rog.</strong></span> <span class='ocrx_word' id='word_1_303' title='bbox 525 2408 679 2445; x_wconf 81' lang='lat' dir='ltr'><strong>Browne</strong></span> 
     </span>
    </p>
   </div>
  </div>
 </body>
</html>
