2046 3224
388 197 444 239 68
983 206 1135 238 GRACE
1166 205 1290 237 BOOK
1321 205 1351 236 Δ
1718 194 1937 249 [1549-50

481 311 698 347 natiuitatis
730 310 883 346 Domini
917 310 1130 357 proximum
1163 309 1236 346 sub
1268 321 1365 356 pena
1397 309 1610 345 amissionis
1647 307 1836 343 caucionis
1871 318 1939 341 sue

482 373 679 415 propterea
702 368 803 414 quod
828 371 917 404 ante
941 368 1135 404 commitia
1163 379 1281 414 quum
1306 367 1468 403 maxime
1493 366 1585 402 velit
1613 365 1835 412 respondem
1863 375 1938 399 non

482 426 603 473 possit
631 427 810 472 quoniam
839 426 924 462 aliis
956 425 1270 472 respondentibus
1298 436 1428 461 omnes
1455 424 1536 460 dies
1568 423 1815 471 disputabiles
1849 423 1939 458 iam-

482 485 627 521 dudum
651 485 834 531 assignati
859 487 951 520 sunt

389 544 489 579 Item
507 542 726 579 conceditur
739 546 781 578 vt
797 542 989 589 responsio
1006 541 1213 588 theologica
1224 541 1272 578 ad
1290 553 1405 588 quam
1422 545 1574 577 tenetur
1589 541 1767 588 magister
1784 539 1943 587 Maptitt

484 602 631 638 racione
662 601 800 646 gradus
832 601 995 647 suscepti
1030 601 1169 636 differri
1203 600 1324 647 possit
1357 600 1411 635 sic
1443 599 1543 646 quod
1577 600 1643 635 fiat
1674 599 1770 635 citra
1802 599 1939 634 festum

483 660 699 697 natiuitatis
723 660 936 706 proximum
961 659 1043 695 sine
1067 659 1240 694 vlteriore
1264 658 1446 694 dilacione
1471 658 1542 694 sub
1566 670 1663 704 pena
1691 658 1757 693 xls

390 720 487 755 Item
500 718 717 755 conceditur
731 720 772 752 vt
783 718 975 764 responsio
992 717 1200 763 theologica
1214 717 1263 753 ad
1279 729 1393 764 quam
1412 720 1563 752 tenetur
1576 716 1756 763 magister
1770 714 1942 751 Skamler

483 778 631 814 racione
662 777 799 823 gradus
831 777 995 824 suscepti
1028 776 1169 812 differri
1203 777 1324 823 possit
1355 777 1409 812 sic
1441 775 1540 823 quod
1574 776 1641 811 fiat
1672 775 1768 811 citra
1801 774 1943 810 Pascha

483 836 695 884 proximum
720 836 802 872 sine
827 836 1002 873 vlteriore
1025 836 1210 872 dilacione
1234 835 1306 872 sub
1331 847 1428 882 pena
1452 835 1518 871 xls

1022 1089 1174 1132 Gratie
1207 1088 1323 1132 varie

394 1205 438 1240 In
469 1205 601 1251 primis
624 1204 841 1240 conceditur
868 1208 910 1239 vt
938 1204 1114 1240 dominus
1141 1203 1451 1250 procancellarius
1483 1215 1568 1239 cum
1598 1203 1745 1240 duobus
1773 1215 1944 1251 procura—

487 1263 634 1299 toribus
652 1263 842 1310 magistris
860 1263 987 1299 Bovell
1006 1261 1151 1298 Pcddar
1170 1266 1210 1298 et
1227 1261 1418 1298 Barnarde
1440 1262 1519 1298 sint
1540 1262 1714 1299 custodes
1736 1261 1946 1298 communis

486 1323 580 1358 ciste
597 1322 703 1358 iuxta
720 1323 879 1358 formam
896 1322 1033 1358 statuti
1051 1322 1141 1368 regii

396 1382 493 1417 Item
519 1380 738 1417 conceditur
762 1385 804 1417 vt
828 1380 1005 1417 dominus
1030 1380 1340 1428 procancella-rius
1362 1392 1446 1416 cum
1472 1380 1619 1416 duobus
1644 1380 1947 1428 procuratoribus

486 1440 704 1477 doctoribus
739 1441 878 1476 Parker
908 1440 1115 1488 Pyckering
1143 1443 1182 1476 et
1214 1441 1404 1488 preposito
1431 1441 1573 1488 collegii
1607 1441 1754 1488 Regalis
1782 1440 1947 1478 habeant

487 1503 652 1536 vestram
668 1499 939 1535 authoritatem
957 1498 1134 1535 audiendi
1151 1504 1191 1534 et
1208 1498 1421 1546 perficiendi
1438 1499 1606 1536 raciones
1627 1499 1721 1536 cisto
1737 1500 1947 1536 communis

488 1558 576 1594 anni
595 1557 764 1605 preteriti

395 1617 491 1653 Item
518 1616 738 1652 conceditur
762 1622 804 1652 vt
827 1616 1022 1653 Johannes
1048 1616 1244 1653 Emanuell
1271 1617 1492 1654 Tremellius
1517 1617 1582 1664 qui
1610 1617 1670 1654 hic-
1695 1619 1814 1665 gratis
1845 1619 1945 1666 apud

375 1670 389 1674 ”
487 1689 553 1711 vos
570 1678 768 1723 profitetur
784 1676 950 1723 linguam
967 1680 1138 1712 sanctam
1157 1676 1295 1713 habeat
1311 1677 1440 1714 literas
1457 1680 1601 1714 vestras
1618 1678 1947 1715 commendaticias

487 1736 535 1772 de
550 1737 834 1772 conuersatione
851 1748 920 1772 sua
936 1736 1218 1784 perscribendas
1238 1737 1475 1774 serenissimo
1499 1737 1657 1785 principi
1679 1737 1832 1774 domino
1856 1738 1946 1785 Regi

489 1799 605 1842 vtque
631 1800 829 1843 postquam
855 1797 997 1832 fuerint
1019 1797 1179 1844 perlecte
1201 1801 1241 1833 et
1262 1797 1467 1845 approbate
1489 1809 1556 1845 per
1575 1797 1771 1834 dominum
1794 1810 1947 1846 proca-n·

487 1854 678 1891 cellarium
691 1855 863 1891 doctores
878 1854 1047 1891 Redman
1065 1860 1105 1892 et
1120 1855 1257 1892 Parker
1269 1856 1480 1903 sigillentur
1489 1856 1610 1903 sigillo
1624 1859 1747 1892 vestro
1757 1858 1946 1894 communi

398 1962 566 1999 Pleu-seth
600 1974 675 2010 you
704 1963 791 1999 that
821 1963 889 1999 ΜΓ·
914 1963 1011 2000 doct.
1042 1965 1180 2001 Par-ker
1207 1965 1359 2013 Harvye
1385 1969 1424 2002 et
1452 1965 1588 2013 Blythe
1617 1977 1704 2013 may
1730 1977 1888 2014 cxamyn
1917 1967 1948 2004 &

489 2022 604 2058 alowe
621 2021 669 2070 by
680 2029 742 2070 yor
757 2023 973 2071 authorytie
986 2024 1210 2071 thexpenses
1226 2025 1336 2061 made
1352 2025 1383 2061 ἃ,
1394 2024 1492 2062 done
1504 2024 1554 2073 by
1568 2025 1624 2061 Mr
1637 2024 1949 2073 vycechancelour

490 2082 528 2118 in
546 2081 813 2119 thuniuersitie
831 2081 994 2131 busynes
1010 2087 1051 2120 at
1069 2083 1223 2120 London
