2008 3216
315 169 399 212 124
896 180 1048 214 emon
1078 180 1204 214 Boon
1234 182 1265 212 Δ
1642 167 1864 226 [1557-58

928 639 1256 696 [1557—1558]

158 828 295 867 1249&
314 829 466 874 Gratie
505 831 600 873 siue
642 831 880 888 petitiones
920 846 1120 874 concesse
1155 831 1202 873 in
1237 831 1368 888 plena
1403 831 1738 888 congregatione
1779 832 1864 874 Re-

428 902 630 959 gentium
678 908 723 945 et
768 918 856 945 non
904 903 1176 961 Regentium
1221 917 1248 945 a
1293 903 1404 946 festo
1447 902 1588 945 sancti
1639 902 1866 945 Michaelis

428 971 682 1030 archangeli
720 987 836 1016 anno
870 973 983 1017 1557
1027 988 1163 1030 vsque
1209 972 1265 1015 ad
1307 973 1424 1016 idem
1466 974 1627 1016 festum
1669 987 1722 1015 ex
1759 978 1866 1015 tunc

429 1042 625 1098 proxime
666 1057 852 1099 sequens
924 1043 1117 1086 Roberto
1147 1043 1334 1099 Brassey
1369 1057 1488 1085 sacre
1520 1042 1738 1100 theologie
1769 1057 1865 1099 pro-

429 1112 587 1156 fessore
623 1128 673 1156 ac
708 1114 930 1170 preposito
966 1113 1139 1172 collegii
1181 1113 1357 1170 Regalis
1394 1119 1499 1155 tunc
1534 1112 1867 1170 procancellario

430 1188 476 1225 et
516 1182 736 1240 magistris
773 1183 994 1226 Gulielmo
1035 1183 1252 1240 Goldinge
1293 1188 1339 1226 et
1375 1182 1595 1226 Gulielmo
1636 1182 1733 1239 Day
1770 1197 1867 1239 pro-

430 1252 705 1295 curatoribus

313 1412 539 1449 Concessum
561 1416 621 1448 est
637 1415 680 1448 vt
696 1423 826 1448 omnes
841 1412 962 1459 gratie
978 1411 1213 1448 admittende
1229 1424 1296 1460 per
1311 1411 1507 1448 dominum
1523 1411 1867 1448 vicecancellarium

408 1471 579 1508 doctores
607 1471 766 1519 Brassey
790 1470 1001 1513 et,Mitche
1025 1471 1226 1518 magistros
1253 1470 1373 1518 Bayly
1396 1473 1436 1506 et
1462 1470 1588 1507 Lewes
1611 1470 1758 1517 possint
1782 1482 1867 1506 con-

409 1541 556 1566 currere
582 1529 622 1565 in
648 1532 812 1576 quatuor
839 1528 1189 1576 congregationibus
1218 1529 1330 1565 istius
1358 1529 1448 1564 anni
1514 1528 1576 1565 Ita
1602 1528 1702 1576 quod
1731 1529 1868 1576 singuli

410 1588 758 1636 prenominatorum
783 1588 1014 1625 vnanimiter
1037 1588 1276 1624 consentiant

316 1647 414 1684 Item
431 1646 650 1683 conceditur
665 1649 708 1683 vt
723 1646 855 1683 doctor
875 1646 1088 1694 Segiswyck
1103 1646 1155 1683 sit
1171 1658 1269 1682 vnus
1285 1658 1415 1682 eorum
1431 1646 1512 1682 loco
1527 1646 1692 1683 doctoris
1709 1646 1868 1694 Brassey

408 1719 508 1744 nunc
522 1707 813 1743 vicecancellarii
827 1717 988 1754 quorum
1001 1706 1190 1743 vnanimis
1202 1718 1406 1743 consensus
1422 1707 1462 1743 in
1474 1706 1722 1743 admittendis
1737 1706 1869 1754 gratiis

408 1767 615 1814 requiritur
631 1767 671 1803 in
687 1770 852 1814 quatuor
867 1766 1217 1814 congregationibus
1233 1767 1345 1803 istius
1360 1767 1451 1803 anni

315 1826 414 1863 Item
438 1826 656 1863 conceditur
681 1826 824 1862 Thome
849 1825 986 1862 Talbot
1009 1828 1051 1862 vt
1073 1825 1270 1862 duodecim
1293 1826 1446 1862 termini
1468 1826 1507 1862 in
1531 1825 1670 1873 quibus
1691 1825 1869 1862 lectiones

408 1884 618 1922 ordinarias
643 1884 793 1921 audiuit
817 1885 905 1922 licet
929 1897 1004 1922 non
1029 1886 1183 1922 omnino
1207 1886 1414 1923 secundum
1438 1886 1596 1922 formam
1621 1886 1758 1922 statuti
1782 1897 1868 1922 cum

408 1944 709 1993 oppositionibus
737 1947 776 1981 et
805 1945 1110 1992 responsionibus
1139 1945 1332 1991 requisitis
1360 1945 1550 1981 sufficiant
1577 1945 1611 1981 ei
1640 1945 1689 1981 ad
1718 1956 1868 1992 mspon-

408 2004 574 2042 dendum
598 2005 787 2052 questioni

314 2063 457 2101 Eadem
490 2063 612 2111 gretia
643 2062 690 2099 de
719 2062 832 2099 verbo
864 2063 903 2099 in
931 2062 1088 2100 verbum
1117 2063 1334 2100 conceditur
1366 2063 1510 2100 Thome
1543 2063 1693 2100 Randes
1726 2063 1869 2100 Thome

409 2123 538 2160 white
579 2122 743 2159 Roberto
785 2123 894 2159 Duke
936 2123 1138 2160 Edmundo
1180 2124 1282 2161 Hare
1324 2123 1476 2171 Hugoni
1514 2122 1640 2160 Jarvis
1683 2123 1869 2160 Richardo

410 2183 622 2230 Stevynson
641 2181 829 2218 Willelmo
849 2181 968 2218 Fulke
985 2181 1174 2219 Willelmo
1195 2182 1291 2229 Page
1312 2181 1476 2218 Roberto
1495 2181 1664 2218 Redman
1682 2181 1869 2219 Willelmo

411 2240 618 2289 Binghame
642 2240 806 2277 Henrioo
823 2239 1028 2277 Oornewell
1053 2239 1216 2277 Roberto
1235 2239 1368 2276 Wallei
1389 2239 1531 2276 Jacobo
1554 2239 1659 2287 Ellys
1683 2239 1870 2277 Richardo

411 2300 533 2337 Lacok
567 2300 733 2337 Johanni
768 2300 922 2348 Bungey
952 2299 1118 2337 Roberto
1149 2300 1255 2337 West
1284 2299 1472 2336 Willelmo
1500 2298 1693 2336 Adamson
1727 2299 1870 2336 Thome

411 2360 527 2407 Fryer
550 2359 717 2396 ,Iohanni
744 2358 991 2396 Sawnderson
1016 2359 1160 2396 Thome
1188 2358 1320 2396 Rudde
1348 2358 1509 2395 Roberto
1534 2358 1658 2395 Oooke
1682 2358 1869 2395 Willelmo

412 2419 495 2466 Key
534 2417 731 2454 Francisco
773 2416 862 2453 Hau
900 2416 1069 2454 Galfrido
1112 2417 1270 2453 Downes
1306 2416 1472 2453 Johanni
1506 2417 1653 2454 Winter
1694 2417 1869 2466 Henryco

410 2477 608 2514 Cockroste
635 2475 801 2512 Johanni
836 2475 996 2512 Newson
1025 2479 1065 2513 et
1099 2476 1281 2513 Nicholao
1316 2475 1414 2512 Huit
1445 2478 1485 2512 et
1514 2475 1699 2512 Willelmo
1729 2476 1868 2513 Gravet

410 2541 449 2572 et
473 2535 636 2572 Johunni
665 2534 833 2571 Henmer

318 2596 415 2633 Item
438 2594 657 2632 conceditur
677 2593 830 2631 domino
854 2594 981 2642 Layne
1001 2594 1182 2642 superiori
1203 2605 1303 2630 anno
1322 2593 1486 2630 admisso
1502 2593 1550 2630 ad
1567 2593 1867 2641 respondendum

410 2653 597 2702 questioni
622 2657 664 2690 vt
686 2653 767 2689 eius
789 2652 969 2689 admissio
992 2652 1112 2700 possit
1134 2653 1167 2689 ei
1191 2653 1359 2689 sufficere
1381 2664 1449 2700 pro
1471 2652 1667 2700 completis
1688 2652 1806 2699 gradu
1828 2656 1867 2689 et

412 2715 530 2750 surina
557 2712 889 2749 becchalaureatus
916 2711 954 2748 in
980 2710 1127 2748 artibus
1151 2711 1330 2759 quoniam
1356 2712 1437 2748 sine
1463 2711 1626 2748 maximo
1650 2712 1730 2748 eius
1754 2711 1867 2748 detri-

412 2776 539 2810 mento
564 2772 711 2809 finalem
738 2771 1091 2809 determinationem
1116 2774 1312 2819 expectem
1339 2783 1413 2808 non
1440 2773 1567 2819 potest
1592 2771 1646 2807 sic
1673 2774 1799 2807 tamen
1825 2774 1867 2807 vt

411 2836 487 2869 utet
523 2844 608 2869 cum
646 2832 779 2868 cewrin
812 2831 1074 2879 questionistis
1111 2831 1149 2868 in
1184 2830 1469 2879 quadragesima
1505 2830 1634 2868 sutura
1670 2834 1708 2867 et
1745 2833 1868 2867 cetera

412 2895 564 2940 pon-ngat
590 2903 654 2939 per
678 2895 825 2928 ntntuta
850 2891 1031 2938 requisita
