2046 3224
152 962 178 1000 s.
205 959 303 999 2310

372 140 425 186 56
951 149 1103 186 emon
1133 149 1258 186 Book
1290 151 1319 186 Δ
1695 138 1915 198 [1548-49

462 256 763 304 oppositionibus
779 259 819 293 et
835 257 1141 304 responsionibus
1157 257 1350 304 requisitis
1366 257 1557 293 sufficiant
1573 256 1607 292 ei
1625 255 1672 292 ad
1692 254 1916 302 responden-

463 316 555 351 dum
579 316 767 363 questioni
817 316 879 352 Ita
900 315 1002 363 quod
1027 317 1108 352 eius
1131 316 1294 353 eruditio
1318 320 1357 352 et
1382 328 1505 352 mores
1528 314 1784 363 approbentur
1807 313 1918 349 hodie

464 386 531 422 per
554 375 786 422 oppositores
811 379 956 412 vestros

371 434 471 470 Item
495 435 713 471 conceditur
732 435 918 472 Gulielmo
941 435 1085 483 Morley
1107 439 1150 471 vt
1174 447 1310 472 novem
1334 435 1488 472 termini
1514 435 1554 471 in
1578 433 1716 481 quibus
1741 433 1918 469 lectiones

463 493 670 530 ordinarias
687 495 835 531 audiuit
851 507 919 542 per
935 495 1114 531 maiorem
1133 499 1281 542 partem
1298 495 1338 531 in
1355 498 1436 531 toto
1453 506 1539 530 cum
1557 492 1857 541 oppositionibus
1879 495 1919 527 et

462 553 766 600 responsionibus
782 554 975 600 requisitis
991 554 1180 590 sufficiant
1196 554 1230 590 ei
1247 555 1295 590 ad
1312 553 1614 601 respondendum
1631 552 1822 599 questioni

371 612 513 648 Eadem
530 613 653 658 gratia
669 613 889 649 conceditur
906 613 1098 649 Leonardo
1116 613 1258 649 Blande
1278 613 1324 649 de
1341 612 1454 649 verbo
1471 613 1510 649 in
1527 612 1683 648 verbum

373 670 471 706 Item
492 670 709 706 conceditur
725 671 759 707 J.
779 671 934 718 Derkyu
951 673 994 706 vt
1010 670 1180 707 studium
1205 673 1227 706 8
1250 683 1435 706 annorum
1457 671 1498 706 in
1520 670 1632 706 rebus
1654 669 1859 706 dialecticis
1882 672 1921 703 et

468 729 588 765 literis
610 729 898 765 humanioribus
921 730 959 765 in
977 729 1151 776 partibus
1167 730 1432 766 transmarinis
1449 730 1639 766 sufficiant
1656 729 1690 765 ei
1708 731 1751 765 vt
1767 729 1818 764 sit
1834 730 1921 764 actu

466 787 760 824 bacchalaureus
794 788 833 824 in
866 788 1013 824 artibus
1067 788 1130 824 Ita
1162 788 1262 835 quod
1296 789 1377 824 eius
1410 788 1574 824 erudicio
1602 790 1641 824 et
1669 798 1791 824 mores
1817 787 1921 834 prius

466 847 729 883 examinentur
745 850 784 883 et
800 846 1058 894 approbentur
1073 858 1141 895 per
1158 847 1359 894 magistros
1376 847 1500 895 Byrde
1517 851 1556 883 et
1574 846 1742 883 Barnard

375 963 473 999 Item
502 963 722 1000 conceditur
749 963 939 1000 Willelmo
973 964 1131 1011 Postgat
1162 966 1206 1000 vt
1239 967 1284 1000 12
1317 964 1470 1000 termini
1499 964 1538 1000 in
1573 963 1712 1011 quibus
1743 963 1923 999 lectiones

468 1022 676 1058 ordinarias
700 1022 849 1059 audiuit
871 1022 960 1059 licet
983 1035 1058 1059 non
1084 1022 1237 1058 omnino
1262 1022 1469 1059 secundum
1492 1022 1651 1058 formam
1673 1022 1810 1058 statuti
1835 1034 1922 1058 cum

467 1080 769 1128 oppositionibus
793 1085 833 1118 et
857 1080 1165 1128 responsionibus
1193 1081 1388 1128 requisitis
1416 1081 1605 1118 sufficiant
1634 1081 1668 1117 ei
1698 1081 1746 1118 ad
1772 1093 1922 1129 respon-

467 1139 633 1176 dendum
650 1139 840 1186 questioni
891 1139 952 1176 Ita
969 1140 1070 1188 quod
1087 1140 1168 1177 eius
1184 1139 1348 1176 eruditio
1370 1142 1410 1176 et
1432 1151 1554 1176 mores
1577 1139 1834 1187 approbentur
1858 1152 1924 1188 per

467 1199 701 1246 oppositores
726 1203 871 1235 vestros
895 1199 1007 1235 hodie

374 1258 515 1294 Eadem
531 1259 653 1306 gratia
668 1258 715 1295 de
732 1258 845 1295 verbo
861 1259 901 1295 in
918 1258 1074 1295 verbum
1091 1258 1308 1295 conceditur
1324 1258 1467 1295 Thome
1483 1258 1628 1295 Streete

374 1317 472 1352 Item
501 1316 718 1353 conceditur
746 1317 944 1353 Francisco
973 1317 1162 1353 Awlforde
1186 1320 1229 1353 vt
1259 1319 1302 1353 12
1332 1317 1484 1353 termini
1511 1317 1551 1353 in
1580 1316 1718 1364 quibus
1746 1317 1924 1354 lectiones

467 1374 674 1411 ordinarias
698 1375 847 1412 audiuit
870 1376 959 1412 licet
984 1388 1059 1412 non
1084 1376 1238 1412 omnino
1262 1375 1468 1412 secundum
1494 1376 1653 1412 formam
1678 1377 1814 1413 statuti
1837 1389 1923 1413 cum

467 1434 765 1482 oppositionibus
789 1438 828 1472 et
857 1436 1161 1483 responsionibus
1190 1435 1384 1483 requisitis
1409 1435 1599 1472 sufficiant
1627 1436 1660 1472 ei
1687 1435 1734 1472 ad
1764 1436 1926 1472 finaliter

467 1493 796 1530 determinandum
819 1506 905 1531 cum
928 1495 1062 1531 ceteris
1081 1495 1344 1542 questionistis
1366 1495 1479 1531 huius
1500 1495 1590 1531 anni
1641 1495 1702 1531 Ita
1723 1494 1823 1542 quod
1844 1495 1926 1531 eius

468 1553 631 1590 eruditio
647 1556 687 1589 et
708 1565 830 1590 mores
846 1554 1109 1591 examinentur
1124 1558 1163 1590 et
1180 1554 1437 1602 approbentur
1452 1566 1518 1602 per
1534 1555 1765 1602 oppositores
1782 1558 1926 1591 vestros

467 1616 507 1649 et
522 1615 600 1649 stet
617 1613 656 1649 in
673 1612 810 1649 scholis
826 1625 913 1650 cum
931 1614 1065 1650 ceteris
1081 1613 1437 1651 determinatoribus

377 1671 475 1707 Item
508 1671 725 1707 conceditur
757 1671 900 1708 'rhome
934 1671 1146 1721 Lathberye
1175 1676 1217 1710 vt
1252 1676 1295 1709 12
1325 1673 1477 1709 termini
1510 1673 1687 1721 completi
1719 1673 1759 1710 in
1788 1672 1926 1720 quibus

471 1730 647 1767 lectiones
660 1730 867 1767 ordinarias
878 1731 1027 1768 audiuit
1039 1732 1127 1768 licet
1140 1744 1214 1769 non
1228 1732 1380 1769 omnino
1393 1732 1599 1769 secundum
1618 1733 1777 1769 formam
1789 1733 1925 1769 statuti

470 1801 556 1825 cum
569 1789 867 1837 oppositionibus
880 1794 919 1826 et
931 1790 1236 1838 responsionibus
1248 1791 1440 1838 requisitis
1457 1791 1645 1828 sufficiant
1661 1791 1694 1827 ei
1712 1791 1759 1828 ad
1776 1803 1925 1839 respon-

470 1847 635 1884 dendum
653 1849 840 1895 questioni

378 1906 518 1943 Eadem
535 1907 656 1954 gratia
671 1906 719 1943 de
731 1906 844 1944 verbo
861 1907 899 1944 in
911 1907 1067 1944 verbum
1085 1907 1303 1945 conceditur
1315 1907 1512 1945 Edovardo
1526 1908 1676 1945 Lafelde
1693 1912 1731 1945 et
1744 1908 1927 1946 Cutberto

471 1964 687 2013 Thompson
1748 1974 1749 1978 ’

379 2025 476 2061 Item
493 2023 712 2060 conceditur
734 2024 872 2061 Joanni
901 2024 1103 2073 Robynson
1122 2029 1163 2062 vt
1185 2029 1330 2072 septem
1352 2025 1502 2061 termini
1527 2025 1565 2061 in
1588 2025 1727 2072 quibus
1749 2026 1928 2063 lectiones

471 2083 679 2120 ordinarias
711 2083 860 2120 audiuit
887 2096 974 2120 cum
1003 2083 1303 2132 oppositionibus
1330 2086 1370 2121 et
1402 2084 1705 2132 responsionibus
1736 2086 1928 2132 requisitis

471 2142 677 2179 seeundum
703 2142 862 2179 formam
888 2143 1023 2179 statuti
1049 2143 1238 2179 sufficiant
1262 2143 1295 2179 ei
1321 2143 1368 2180 ad
1394 2143 1692 2191 respondendum
1715 2145 1902 2191 questioni

380 2203 476 2239 Item
499 2202 716 2239 conceditur
741 2202 918 2249 Gregorio
935 2202 1078 2238 Gai-the
1099 2206 1140 2238 vt
1166 2205 1208 2238 12
1231 2202 1383 2238 termini
1409 2202 1447 2238 in
1470 2202 1609 2250 quibus
1632 2202 1808 2240 lectiones
1830 2203 1925 2240 ordi-

472 2262 597 2299 narias
625 2261 773 2299 audiuit
802 2274 867 2310 per
895 2262 1074 2299 maiorem
1104 2265 1250 2310 partem
1278 2262 1317 2299 in
1347 2265 1429 2299 toto
1455 2274 1540 2299 cum
1566 2263 1865 2310 oppositionibus
1889 2268 1927 2301 et

473 2320 776 2369 responsionibus
794 2321 985 2368 requisitis
1000 2321 1188 2358 sufficiant
1204 2321 1238 2358 ei
1255 2320 1302 2358 ad
1320 2321 1482 2358 finaliter
1497 2320 1823 2359 determinandum
1840 2334 1927 2359 cum

472 2380 606 2416 ceteris
635 2379 912 2417 bacchalaureis
941 2380 1052 2417 istius
1077 2381 1166 2417 anni
1218 2381 1280 2418 Ita
1307 2380 1407 2428 quod
1436 2381 1517 2418 eius
1548 2380 1710 2418 eruditio
1739 2385 1777 2418 et
1806 2393 1929 2418 mores

471 2438 734 2475 examinentur
748 2442 788 2475 et
806 2438 1064 2487 approbentur
1085 2450 1151 2487 per
1166 2439 1398 2487 oppositores
1415 2443 1557 2476 vestros
1573 2443 1612 2476 et
1629 2443 1705 2476 stet
1729 2440 1765 2476 iu
1789 2440 1927 2477 scholis

472 2508 557 2533 cum
575 2497 708 2534 ceteris
724 2497 1082 2535 determinatoribus

384 2556 697 2593 Dewnniumtoroe
713 2557 854 2604 collegii
876 2558 1022 2605 Regalis
1040 2557 1109 2594 hoc
1125 2569 1225 2594 anno
1241 2557 1383 2595 domini
1402 2557 1592 2595 Threlkall
1610 2557 1744 2594 Stokcs
1761 2560 1800 2594 et
1821 2558 1928 2595 Noke
