1942 3236
508 689 846 754 GRAGE
921 684 1201 752 BOOK
1268 685 1336 749 Δ

755 902 1084 961 [1542—1543]

1713 992 1783 1034 [so.
1802 991 1819 1024 1
1830 1000 1852 1024 ι

1714 1035 1831 1077 bank]

148 1165 298 1208 Gratie
355 1165 449 1207 siue
511 1163 748 1221 petitiones
805 1176 1004 1205 concesse
1065 1162 1110 1204 in
1171 1161 1302 1218 plena
1361 1159 1697 1218 congregatione
1717 1158 1743 1199 f.
1770 1159 1832 1197 lb

272 1233 534 1290 Regentium
578 1242 623 1276 et
666 1248 751 1275 non
787 1231 1035 1289 regentium
1071 1247 1097 1273 a
1138 1231 1249 1273 festo
1290 1229 1430 1272 sancti
1472 1228 1698 1272 Michaelis

266 1303 515 1361 archangeli
561 1318 674 1346 anno
719 1303 844 1344 15421
887 1316 1019 1358 vsque
1055 1300 1110 1343 ad
1150 1300 1284 1342 iidem
1329 1300 1487 1342 festum
1537 1306 1699 1342 extunc

267 1373 461 1431 proxime
483 1387 668 1429 sequens
728 1370 978 1414 doctoribus
1005 1369 1198 1412 Edmons
1219 1376 1265 1412 et
1294 1367 1565 1425 Standysshe
1587 1368 1699 1411 vice-

268 1441 531 1484 cancellariis
545 1448 590 1484 et
612 1440 832 1499 magistris
854 1439 1032 1483 Simone
1054 1439 1249 1496 Brygges
1270 1444 1316 1481 et
1338 1437 1517 1481 Edwino
1535 1437 1702 1481 Sandes

269 1510 619 1569 procuratoribus

155 1718 201 1754 In
226 1718 358 1766 primis
382 1728 596 1753 concessum
623 1719 682 1752 est
704 1719 747 1752 vt
769 1727 899 1751 omnes
922 1715 1042 1762 gratie
1063 1714 1297 1751 admittende
1319 1718 1358 1750 et
1382 1714 1614 1751 concedende
1639 1726 1706 1761 per

247 1777 443 1813 dominum
460 1774 804 1811 vicecancellarium
827 1773 998 1810 doctores
1021 1773 1236 1809 Edmondes
1259 1777 1298 1809 et
1322 1773 1422 1820 Glyn
1446 1777 1485 1809 et
1507 1774 1706 1820 magistros

251 1835 394 1872 Madew
411 1839 450 1871 et
474 1835 557 1882 Byll
581 1835 728 1881 possint
744 1846 962 1870 concurrere
982 1834 1021 1869 in
1038 1836 1202 1880 quatuor
1224 1832 1572 1880 congregationibus
1594 1833 1707 1869 huius

249 1896 339 1931 anni
356 1895 410 1932 ita
426 1894 527 1942 quod
544 1894 681 1941 singuli
699 1894 834 1930 horum
851 1894 1020 1941 quinque
1036 1893 1264 1929 vnanimiter
1279 1892 1518 1928 consentiant

156 1955 255 1991 Item
277 1954 494 1991 conceditur
515 1954 538 1989 J
541 1953 653 1989 oanni
677 1953 826 2000 Wylmy
848 1957 891 1988 vt
915 1952 1084 1988 studium
1106 1951 1292 1987 sexdecim
1316 1962 1502 1986 annorum
1524 1950 1564 1986 in
1585 1962 1706 1997 gram·

251 2013 388 2049 matica
404 2017 443 2048 et
465 2004 584 2048 literis
601 2011 885 2048 humanioribus
902 2011 1065 2046 sufficiat
1081 2010 1153 2046 sibi
1175 2010 1224 2046 ad
1247 2009 1502 2056 incipiendum
1520 2010 1559 2045 in
1576 2009 1707 2046 eadem

251 2072 430 2108 facultate
459 2071 514 2107 ita
546 2070 646 2118 quod
678 2071 759 2106 eius
791 2070 971 2106 admissio
1000 2073 1077 2106 stet
1109 2070 1163 2106 illi
1192 2082 1260 2116 pro
1292 2069 1488 2116 completis
1519 2068 1637 2116 gradu
1670 2072 1709 2104 et

250 2131 370 2166 forma
389 2129 499 2166 modo
521 2129 643 2165 solvat
662 2129 903 2164 uniuersitati
927 2134 988 2164 xx·
1010 2131 1099 2164 ante
1127 2129 1209 2164 eius
1237 2128 1504 2164 admissionem
1533 2131 1572 2163 et
1598 2128 1708 2163 satis·

251 2189 366 2225 faciat
389 2189 576 2225 officiariis
1782 2203 1801 2213 -

160 2249 259 2285 Item
291 2247 508 2284 conceditur
539 2250 582 2283 vt
613 2247 775 2283 eruditio
807 2250 846 2283 et
878 2258 1000 2283 mores
1028 2245 1196 2282 eiusdem
1232 2245 1430 2293 approbari
1465 2245 1612 2293 possint
1644 2257 1710 2292 per

254 2307 452 2354 magistros
476 2306 654 2343 Grendall
679 2306 803 2343 Cooke
828 2308 867 2342 et
893 2306 1130 2353 Pylkyngton

850 2487 1084 2545 Chirurgia

166 2582 263 2617 Item
283 2581 500 2617 conceditur
522 2580 692 2616 Gilberto
716 2580 881 2616 Frendes
898 2583 940 2616 vt
957 2580 1127 2616 studium
1144 2582 1183 2616 et
1205 2580 1371 2646 practica
1386 2592 1450 2616 sex
1467 2592 1652 2616 annorum
1673 2581 1712 2616 in

258 2642 339 2675 arte
370 2639 577 2686 chirurgica
606 2639 768 2675 sufficiat
792 2639 826 2675 ei
851 2638 899 2674 ad
925 2638 1208 2685 practicandum
1234 2638 1273 2674 in
1298 2638 1429 2674 eadem
1451 2639 1630 2675 facultate
1658 2640 1714 2675 ita

258 2697 357 2744 quod
383 2698 464 2734 eius
489 2697 651 2734 eruditio
675 2701 714 2733 et
743 2709 865 2734 mores
889 2698 994 2744 prius
1019 2697 1281 2733 examinentur
1303 2702 1342 2733 et
1366 2696 1623 2744 approbentur
1648 2710 1714 2765 per

257 2757 447 2793 doctorem
472 2756 657 2792 Walker
648 2757 831 2793 iuniorem
855 2761 895 2793 et
918 2756 1109 2792 doctorem
1135 2757 1272 2803 Blythe

166 2815 265 2852 Item
286 2814 503 2851 conceditur
521 2815 643 2851 eidem
665 2818 708 2851 vt
730 2819 816 2862 post
831 2815 912 2851 eius
928 2815 1195 2851 admissionem
1215 2816 1334 2862 possit
1350 2816 1487 2852 habere
1503 2816 1631 2853 literas
1647 2829 1714 2853 sue

259 2873 497 2910 admissionis
506 2873 728 2920 .obS1gnatas
745 2877 869 2910 vestro
885 2874 1006 2921 sigillo
1022 2874 1212 2910 communi

273 2962 308 2990 1..
329 2961 385 2990 1v.
1583 2953 1603 2992 l
